3440 4992
519 469 651 528 adtam
672 465 845 542 districtum
870 468 1003 542 officium
1026 464 1224 543 reuersurum.
1260 471 1401 528 Statuam
1421 489 1497 546 potu

519 563 600 620 mini
616 576 747 628 atreo,
769 580 827 636 quo
844 559 1014 636 desideras,
1038 561 1120 632 loco,
1144 583 1328 640 quamquam
1345 564 1499 622 eiusmodi

518 654 666 711 bonorum
674 651 890 728 porcijfimua,
908 670 1009 712 tamen
1018 656 1143 732 patior,
1158 678 1194 715 ne
1207 657 1366 735 impedisse
1380 657 1498 733 cursum

518 767 591 820 erga
609 767 655 804 me
669 747 798 822 pietatis
815 763 883 804 tuae
900 749 1017 806 videar.

489 879 506 930 5
639 862 732 910 XXVI.
767 863 795 912 C.
818 863 951 910 PLINIUS
973 864 1126 912 TRAIANO
1150 865 1372 916 IMPERATORI.

569 949 646 1022 Quia
672 933 812 1020 consido,
843 951 992 1020 Domine,
1023 953 1060 1010 ad
1089 973 1193 1010 curam
1218 966 1301 1012 tuam
1328 958 1496 1031 pertinere,
1493 339 1557 1122 ι

516 1046 622 1112 nuntio
645 1043 700 1100 tibi
721 1063 769 1100 me
793 1045 940 1119 Ephesum
964 1065 1032 1104 cum
1053 1046 1191 1103 omnibus
1209 1051 1284 1104 meis
1305 1047 1368 1124 νπὲρ
1384 1055 1499 1106 Μηλίαν

516 1137 675 1214 navigasse.
712 1137 857 1210 Quamvis
875 1143 1036 1196 contrariis
1054 1143 1153 1198 ventis
1170 1153 1320 1214 retentus,
1345 1163 1426 1222 nunc
1444 1144 1497 1200 de-

515 1231 592 1288 stino
609 1233 719 1306 partim
736 1233 845 1290 orariis
862 1231 988 1290 navibus
1009 1237 1119 1308 partim
1138 1237 1283 1292 vehiculis
1308 1240 1497 1312 provinciam

472 1347 504 1396 10
515 1335 627 1399 petere
662 1324 740 1380 Nam
762 1324 837 1381 licut
862 1327 963 1383 itineri
989 1346 1097 1402 graves
1126 1328 1237 1403 aestus,
1267 1333 1308 1388 ita
1336 1335 1495 1390 continuae

515 1420 701 1496 navigationi
718 1419 832 1476 Etesiae
849 1421 1044 1480 reluctantur.

754 1536 865 1582 XXVII.¹
899 1537 1073 1584 TRAIANUS
1087 1537 1214 1584 PLINIO
1230 1531 1257 1587 ¹8

256 1619 402 1704 ,ronunfitffi
552 1613 657 1680 Recte
685 1621 889 1696 renuntiasti,
906 1611 967 1682 mi
992 1625 1124 1682 Secunde
1151 1625 1317 1696 carissime
1358 1627 1494 1685 Pertinet

231 1692 303 1744 ''nh'’
322 1691 431 1740 ⁸⁸⁶¹¹¹¹⁶⁰
515 1716 597 1774 enim
623 1719 665 1773 nd
689 1717 827 1774 citimum
853 1737 967 1786 meum,
995 1719 1081 1794 quali
1108 1718 1217 1775 itinere
1243 1719 1274 1777 in
1296 1723 1495 1796 provinciam

394 1807 396 1816 ’
472 1826 502 1880 15
510 1811 685 1886 pervenias.
721 1811 888 1868 Prudenter
906 1827 1005 1867 nutem
1025 1812 1183 1886 constituis
1207 1816 1331 1872 interim
1348 1815 1503 1883 tenuibus,

515 1905 640 1964 interim
656 1904 804 1961 uehiculis
822 1905 881 1972 uti,
901 1921 996 1980 prout
1013 1906 1082 1962 loca
1089 1903 1254 1980 suaserim.

631 2020 752 2068 XXVIII.
788 2021 816 2070 C.
834 2001 966 2069 PLINIIIS
983 2022 1137 2070 TRAIANO
1155 2023 1376 2103 lmpnssnsom

565 2107 651 2166 Sicut
676 2107 900 2165 saluberrimam
931 2113 1174 2186 navigationem,
1214 2113 1361 2182 Domine,
1402 2113 1492 2190 nsque

514 2181 661 2278 Ephesum
676 2215 835 2278 expertus,
849 2205 888 2260 ita
902 2204 971 2260 inde
980 2204 1156 2281 ,postquam
1169 2207 1335 2263 vehiculis
1327 2219 1383 2264 iter
1394 2209 1492 2265 sacere

370 2333 380 2357 t
467 2310 501 2356 20
514 2300 621 2372 coepi,
640 2297 819 2374 gravifflmis
837 2295 966 2354 aestibus
984 2309 1072 2373 atque
1092 2301 1182 2354 etiam
1195 2299 1349 2390 febriculis
1368 2315 1492 2360 vexatus

513 2393 654 2466 Pergami
675 2389 797 2448 substiti.
834 2391 966 2460 Rursus,
986 2410 1055 2448 cum
1071 2392 1262 2450 transissem
1254 2414 1285 2450 m
1303 2395 1419 2450 orarias
1438 2413 1493 2450 na-

511 2485 641 2553 viculas,
657 2486 818 2541 contrariis
835 2487 933 2542 ventis
949 2496 1083 2544 retentus
1102 2487 1254 2562 aliquanto
1271 2487 1386 2542 tardius
1405 2507 1495 2562 quam

510 2579 713 2655 speraveram,
738 2577 769 2636 id
790 2578 847 2647 est,
870 2577 938 2638 XV.
964 2579 1113 2639 Kalendas
1132 2578 1298 2647 Octobres,
1321 2579 1495 2654 Bithyniam
1587 2615 1588 2622 .

511 2673 633 2762 intravi.
667 2672 738 2728 Non
762 2671 878 2746 possum
901 2682 1002 2730 tamen
1027 2674 1063 2731 de
1089 2693 1173 2730 mora
1198 2673 1297 2750 queri,
1328 2693 1396 2730 cum
1421 2673 1494 2728 mihi

465 2779 498 2827 25
511 2727 689 2848 ¹contigerit,
715 2767 795 2844 quod
817 2779 882 2825 erat
902 2754 1182 2844 auspicatissimum,
1206 2769 1334 2825 natalem
1355 2779 1439 2826 tuum
1462 2773 1494 2827 in

513 2867 673 2950 p'covIncia
692 2861 855 2920 celebrare.
890 2861 978 2918 Nunc
999 2865 1046 2919 rei
1067 2861 1204 2937 publicae
1228 2862 1445 2919 Prusensium'
1437 2883 1494 2920 im-

514 2960 641 3064 pendia,
659 2958 791 3026 reditus,
811 2944 961 3014 debitores
978 2957 1112 3012 excutio:
1133 2957 1212 3032 quod
1231 2975 1268 3012 ex
1284 2956 1347 3032 ipso
1364 2967 1494 3015 tractatu

514 3053 609 3127 magis
625 3069 660 3106 ac
676 3051 779 3133 magis
785 3047 981 3106 necessarium
998 3049 1148 3126 intellego
1185 3050 1297 3108 Multae
1311 3054 1390 3108 enim
1401 3070 1494 3126 pecu·
1526 3110 1529 3114 ,

514 3147 582 3201 niae
608 3145 700 3200 variis
729 3161 766 3198 ex
795 3141 890 3198 causis
917 3161 934 3197 a
963 3144 1089 3218 privatis
1120 3143 1307 3205 detinentur:
1338 3156 1493 3219 praeterea

468 3254 502 3300 so
516 3236 660 3314 quaedam
690 3237 811 3292 minime
840 3235 981 3312 legitiinis
1007 3236 1171 3312 sumptibus
1201 3242 1374 3315 erogantur.
1409 3239 1492 3296 Haec

513 3329 585 3397 tibi,
604 3330 747 3398 Domine,
766 3329 880 3414 inipso
898 3329 1029 3405 ingressu
1046 3317 1111 3387 nico
1129 3332 1243 3407 scripsi,

565 3422 678 3496 Quinto
696 3423 812 3480 decimo
835 3423 984 3480 Kalendas
1008 3423 1173 3494 Octobres,
1197 3427 1340 3495 Domine,
1366 3427 1492 3503 provin-

513 3519 591 3575 ciam
608 3519 734 3586 intravi,
758 3537 847 3594 quam
864 3519 896 3574 in
919 3535 955 3573 eo
979 3515 1139 3594 obsequio,
1164 3521 1196 3575 in
1216 3537 1252 3575 ea
1273 3532 1390 3595 argete
1415 3517 1489 3603 sude,

419 3661 420 3664 ,
513 3613 655 3690 quamde
676 3629 785 3688 genere
804 3612 933 3666 humano
951 3613 1094 3679 mereris,
1116 3613 1229 3670 inveni.
1266 3613 1406 3686 Dispice,
1427 3613 1492 3670 Do-

467 3709 612 3774 stmine,
648 3723 687 3761 an
724 3703 921 3760 necessarium
949 3715 1036 3778 putes
1073 3707 1189 3762 mittere
1224 3707 1282 3785 buc
1316 3705 1490 3763 mensorem.

580 3931 660 3978 XXV.
672 3931 697 3978 2.
715 3929 775 3994 quo]
792 3932 882 3980 Assa.
898 3934 960 3992 qnod
973 3933 1003 3980 st.
1022 3933 1115 3982 XXVI.
1128 3934 1166 3982 10.
1182 3937 1265 3982 ttinere
1278 3937 1309 3984 tt.
1330 3933 1435 3983 XXVII.
1451 3934 1489 3980 13.

513 4001 650 4060 renuntiasti
661 4001 732 4055 mibi,
750 4003 849 4048 Secunde
862 4002 961 4049 Gesneri
974 4004 1018 4050 Ed.
1030 4011 1115 4050 contre
1129 4019 1202 4057 meaa.
1241 4006 1280 4053 14.
1298 4008 1321 4052 In
1329 4003 1490 4064 montanam]

513 4069 563 4116 m..
577 4073 726 4128 prouinciam
743 4070 813 4117 ΒΑΕ.
847 4071 968 4118 XXVIII.
990 4073 1029 4120 18.
1050 4071 1163 4132 Ephesum
1174 4073 1229 4132 sum
1246 4078 1355 4134 ceperum
1370 4072 1490 4121 Schcesari

514 4137 576 4198 susp.
612 4139 653 4186 at.
671 4139 787 4200 mactatu]
806 4137 985 4190 Rbtarehuflm.
1004 4141 1032 4189 1..
1058 4147 1134 4192 tractu
1150 4143 1243 4190 RASF.
1580 4141 1583 4148 '
