3440 4992
533 903 869 1034 HISTORIA
906 905 1186 1014 CRITICA

317 1248 325 1265 ι
385 1073 772 1243 urtsrouauuu
797 1104 1063 1220 ruinuur
1089 1139 1334 1243 ruamur.
1352 1163 1418 1343 q
1442 1167 1608 1352 qu&

622 1373 1098 1404 *m

220 1595 224 1606 .
283 1549 466 1612 Iamdudum
498 1571 568 1612 cum
598 1535 751 1612 vidissem*
767 1550 1014 1630 pulcherrimum
1043 1556 1239 1642 antiquitatis
1266 1573 1518 1643 monumentum,

206 1639 304 1703 Plinii
328 1655 359 1704 et
380 1639 512 1704 Traiani
532 1640 681 1722 epistolas
702 1654 838 1717 ructuas,
870 1647 907 1708 ad
928 1647 1164 1726 provinciarum
1185 1655 1397 1718 Romanarum
1419 1658 1519 1720 admi-

204 1731 435 1806 nistrationem,
466 1737 506 1796 ad
537 1734 703 1814 complura
732 1733 809 1796 iuris
837 1734 942 1800 civilis
971 1739 1093 1820 capita,
1125 1743 1259 1827 denique
1289 1749 1329 1808 ud
1358 1747 1518 1834 ingenium

204 1845 242 1884 ac
263 1847 367 1888 mores
394 1825 556 1908 utriusque
584 1823 719 1888 huminis
747 1827 923 1890 accuratius
947 1837 1188 1916 cognoscendos
1212 1833 1270 1900 vel
1290 1839 1422 1904 maxime
1446 1842 1518 1908 ido·

204 1936 295 1989 neas,
323 1915 405 1979 nunc
433 1917 515 1979 ultra
542 1939 634 2000 quam
660 1916 813 1980 credibile
840 1922 1077 2005 estfcorruptas
1104 1937 1135 1988 et
1155 1927 1361 2009 interpolatas
1382 1931 1520 1996 circum·

204 2007 397 2082 serri,'iis,‘
417 2019 452 2071 ut
481 2009 615 2090 primum
648 2008 718 2072 sieri
743 2013 861 2089 posset,
894 2015 1078 2080 succurrere
1107 2020 1249 2084 decrevi.
1291 2024 1400 2106 Atque
1426 2040 1460 2089 ut
1485 2027 1520 2091 in

204 2099 328 2174 multis,
349 2122 429 2184 qliae
448 2123 508 2184 per
528 2100 633 2164 varias
652 2104 797 2163 actuosae
821 2103 903 2166 vitae
926 2111 1123 2188 tempestates
1145 2115 1322 2192 constanter
1340 2121 1520 2196 persecutus

203 2193 286 2264 sum,
311 2191 354 2253 ita
376 2192 416 2253 in
429 2195 491 2256 huc
514 2214 641 2276 quoque
663 2191 790 2274 incepto
811 2199 890 2258 adeo
910 2197 992 2261 favit
1013 2202 1172 2276 Fortuna,
1196 2203 1321 2270 utTatis
1343 2214 1520 2275 emendatas

162 2351 166 2363 s
203 2305 257 2344 eas
275 2282 451 2363 philologis
468 2286 586 2346 offerre
604 2305 687 2346 ntruc
705 2283 829 2365 poffim.
871 2289 1060 2354 Hucautem
1075 2295 1261 2359 beneficium
1279 2320 1343 2362 non
1362 2313 1423 2364 tam
1443 2302 1520 2366 inihi
1610 2365 1613 2372 .

204 2377 321 2436 debent
349 2373 544 2458 antiquitatis
575 2387 751 2451 amatores,
785 2399 878 2458 quam
910 2383 1050 2466 egregiis
1083 2397 1177 2469 atque
1211 2391 1393 2456 doctissimis
1425 2391 1532 2478 viris,

193 2467 347 2528 'Hanuno
368 2467 579 2543 Monacensi,
603 2469 755 2530 Bursao
778 2467 962 2546 Turicensi‚
984 2497 1119 2558 quorum
1140 2475 1194 2550 ille
1210 2481 1386 2564 principem
1404 2484 1521 2549 editio·

205 2579 274 2619 nem
302 2558 537 2622 Bononiensem
564 2581 618 2622 sua
647 2580 739 2622 manu
765 2557 797 2621 in
824 2559 895 2622 usius
921 2585 1008 2627 meos
1036 2569 1210 2652 descripsit,
1237 2575 1308 2650 hic,
1340 2577 1519 2644 Mediolani

204 2671 274 2710 cum
296 2651 513 2732 frequentaret
533 2651 722 2732 splendidam
743 2649 827 2714 illam
849 2652 1075 2722 bibliothecam
1095 2664 1297 2730 Marchiouis
1319 2671 1518 2746 Tr1vunr11,

87 2724 91 2734 ¹
205 2739 270 2803 viri
290 2741 484 2821 amplissimi,
514 2740 569 2822 qul
589 2741 702 2825 insigni
723 2743 914 2808 humanitate
937 2748 1003 2812 eius
1027 2753 1143 2833 optatis
1166 2756 1331 2837 satisfecit,
1360 2761 1517 2826 Venetam

204 2831 336 2896 Arantii
357 2834 584 2897 accuratissime
606 2857 676 2896 cum
696 2835 874 2898 Hearuiana
896 2861 973 2904 curu
994 2846 1141 2910 contulit.
1233 2883 1235 2888 v

284 2926 349 2986 lam
379 2937 449 2988 aute
479 2926 582 2989 omnia
614 2926 693 2989 illud
721 2931 886 2991 tenendum
917 2935 981 3008 en,
1011 2937 1129 3003 nullum
1160 2943 1270 3005 harum
1302 2945 1517 3028 Epistularum

205 3015 346 3078 codicem
369 3017 629 3098 manuscriptum
657 3018 730 3080 indu
757 3021 799 3081 ab
826 3021 904 3084 Aldi
928 3028 1102 3108 superioris
1128 3035 1325 3116 temporibus
1353 3055 1375 3100 a·
1397 3039 1517 3104 criticis

205 3110 266 3169 esse
287 3109 474 3172 consultum.
517 3113 598 3172 Nam
620 3113 707 3193 quod
728 3112 912 3192 Longolius
933 3139 991 3197 per
1011 3133 1110 3187 tutum
1134 3122 1305 3212 σύνταγμα
1329 3131 1517 3196 mentionem

203 3198 306 3262 inlicit
332 3203 417 3264 Mss.
439 3201 602 3275 Vossiani,
629 3221 772 3266 errorem
795 3207 878 3267 hunc
900 3211 985 3273 suum
1008 3213 1073 3294 ipse
1093 3221 1227 3296 agnovit
1247 3222 1279 3285 in
1299 3223 1522 3304 praefatione,

204 3290 339 3354 litteram
365 3293 650 3365 V.,vVeronenlis
673 3296 726 3355 seu
751 3295 857 3376 potius
881 3300 1024 3370 Venetae
1051 3308 1200 3376 editionis
1226 3327 1333 3378 notam
1360 3339 1397 3380 ea
1422 3318 1460 3382 iu·
1480 3339 1516 3382 ru

204 3381 263 3444 sibi
283 3381 458 3462 imposuisse
479 3386 634 3449 reserens.
901 3448 908 3460 ,
938 3380 949 3412 r

284 3475 370 3538 utin
388 3499 516 3561 quoque
538 3479 701 3544 coetuum
723 3478 868 3545 tentato
890 3485 981 3561 (nam
1000 3491 1183 3572 sannam
1202 3499 1242 3561 s.
1258 3500 1320 3562 ιιι.
1340 3482 1390 3565 al.
1432 3503 1517 3568 uae-

204 3564 289 3629 neli0
321 3583 525 3645 memoratus,
552 3585 586 3634 ut
614 3575 687 3637 inihi
716 3577 837 3658 scripsit
858 3580 1046 3645 Gerlachlns
1067 3603 1173 3663 meus,
1199 3611 1289 3652 unam
1311 3603 1428 3656 tantum
1450 3596 1518 3677 epi·

205 3660 314 3724 stolam
333 3683 434 3744 neque
451 3685 517 3726 cam
537 3663 689 3748 integram
708 3671 889 3747 continet,)''
905 3677 1097 3740 redeundum
1112 3679 1174 3744 fnit
1194 3685 1233 3743 ad
1247 3683 1414 3748 editionem
1429 3689 1517 3768 priu-

205 3749 306 3831 cipum
329 3767 517 3838 utramquet
547 3757 667 3822 etenim*
683 3765 760 3826 dirae
779 3785 952 3845 paucorum
973 3768 1119 3834 meusium
1139 3772 1308 3840 intervall'o
1330 3777 1516 3860 interposito

204 3844 405 3923 prodierunt.
448 3847 596 3912 Priorem
614 3851 644 3928 *)
666 3857 815 3919 debemus
833 3859 1012 3936 Beroaldo,
1034 3861 1124 3925 cuius
1143 3866 1221 3928 haec
1241 3881 1288 3933 est
1307 3871 1486 3952 praelatio:

445 3963 666 4027 PHILIPPUS
688 3973 936 4034 BEROALDUS
954 3979 1014 4037 AD
1033 3979 1273 4045 LECTOREM.

281 4059 349 4122 Hae
374 4062 443 4123 srint
467 4061 630 4143 Epistulae
657 4067 796 4150 aliquot,
823 4095 903 4153 quae
929 4075 1109 4156 nuperrime
1133 4076 1165 4141 in
1186 4080 1286 4145 lucem
1312 4085 1517 4164 prodierunt,

205 4167 221 4210 a
241 4147 348 4214 Plinio
369 4155 515 4218 Secundo
541 4160 581 4220 ad
605 4159 776 4224 Traianum
799 4163 1026 4246 Imperatorem
1052 4181 1084 4232 et
1109 4191 1125 4234 a
1151 4173 1292 4238 Traiano
1316 4182 1356 4242 ad
1379 4176 1518 4247 Plinium

272 4307 297 4370 l)
314 4311 442 4370 Epistulae
461 4317 536 4366 Plinii
555 4321 588 4366 ad
607 4321 739 4374 Troianum
758 4338 811 4372 cum
829 4325 993 4388 Panegyricto.
1028 4330 1070 4378 Ex
1090 4333 1255 4394 castigatione
1271 4336 1381 4398 Pla'llppl
1396 4338 1523 4392 Beroaldi.

204 4378 228 4421 r'n
238 4378 302 4435 stuc.-
323 4380 452 4431 Bononiae
471 4389 537 4446 apud
554 4388 712 4438 Benedictum
730 4393 846 4445 Hectoris
864 4396 903 4444 dle
920 4397 1013 4451 xxiv.
1032 4399 1144 4452 luuunril
1161 4403 1196 4450 lt.
1214 4404 1245 4452 D.
1263 4405 1300 4453 11.
1336 4405 1361 4452 4.
