3440 4992
805 249 816 277 ¹
863 269 867 296 t

416 450 524 510 CXIX.
561 455 590 503 a.
607 453 739 502 ruimus
757 453 910 500 unauna
928 452 1149 500 mrunaronl.
1287 380 1293 488 l

306 555 307 564 ’
344 553 499 619 Athletae,
516 549 667 617 'Domine,
690 568 740 618 ea,
766 568 840 626 quae
858 567 915 625 pro
928 549 1081 620 iselasticis
1099 549 1270 606 certamini-

293 649 349 704 bus
366 644 561 712 constituisti,
581 645 685 700 deberi
702 643 758 700 libi
776 653 882 717 putant
899 641 998 718 statim
1016 661 1054 700 ex
1072 661 1108 698 eo
1127 643 1190 711 die,
1212 658 1270 718 quo

291 739 360 796 sunt
382 739 533 806 coronati:
560 738 633 794 nihil
657 730 888 805 enim‘relerre,
917 737 1036 813 qnando
1062 736 1121 793 lint
1143 737 1270 810 patriam

264 834 423 900 ainveati,
446 831 496 888 sed
520 823 828 906 quandocertantine
852 831 997 896 vicerint,
1024 845 1062 884 ex
1087 846 1146 904 quo
1169 829 1272 884 invehi

291 924 411 1001 possunt.
448 925 513 1000 Ego
543 923 747 982 contrascribo
777 921 939 996 „iselastici
969 917 1137 977 nomine“=
1167 921 1210 976 ita
1240 929 1272 976 ut
1311 909 1366 990 Εξθ
1387 906 1512 990 [eontra]-

291 1021 484 1074 vehementer
509 1017 702 1084 addubitem,
732 1035 770 1072 an
795 1015 834 1072 lit
862 1017 965 1091 potius
990 1015 1022 1071 id
1048 1023 1181 1092 tempus,
1212 1029 1271 1089 qno
1294 977 1513 1109 ἕεᾞξθιέῗέἓὲἳῖ

292 1109 442 1181 stellatur,
460 1111 645 1170 intuendum.
680 1109 776 1166 Iidem
792 1107 916 1166 obsonia
929 1117 1038 1182 petunt
1046 1124 1102 1182 pro
1113 1125 1152 1178 ,eo
1164 1123 1270 1182 agone,
1314 1115 1413 1175 eorum]
1431 1115 1504 1164 rele-

210 1210 214 1221 ‘
292 1207 343 1281 qui
367 1224 384 1261 a
406 1191 436 1268 te
461 1203 622 1262 iselasticus
648 1202 744 1260 sactus
773 1201 836 1269 est,
865 1203 1003 1277 quamvis
1028 1202 1157 1257 vicerint
1184 1208 1269 1266 ante,
1364 1189 1455 1266 uenter

248 1319 278 1366 10
291 1316 378 1374 quam
398 1296 495 1378 lieret.
530 1299 626 1354 Aiunt
643 1299 722 1355 enim
736 1313 904 1372 congruens
922 1294 998 1363 else,
1015 1291 1091 1350 sicut
1108 1311 1167 1348 non
1184 1292 1270 1348 detur
1372 1303 1444 1372 datur
1543 1322 1547 1327 ·

288 1391 347 1448 libi
366 1409 422 1466 pro
443 1393 482 1448 iis
503 1391 731 1457 certaminibus,
756 1409 831 1466 quae
854 1387 912 1445 else
935 1386 1092 1455 iselastica,
1117 1385 1269 1460 postquam
1389 1393 1425 1440 his
1486 1407 1490 1416 ³

290 1486 446 1551 uicerunt,
473 1483 640 1551 desierunt,
667 1485 711 1538 ita
733 1500 790 1558 pro
808 1483 852 1544 iis
877 1484 961 1550 dari,
989 1499 1064 1556 quae
1088 1479 1146 1536 else
1163 1497 1270 1552 coepe·
1538 1475 1541 1484 ’

289 1587 369 1636 runt.
405 1573 467 1634 Hic
484 1594 602 1652 quoqne
617 1592 678 1632 non
692 1577 886 1634 mediocriter
902 1578 1029 1643 haereo,
1048 1591 1085 1630 ne
1097 1574 1269 1646 cuiusquam

289 1680 372 1726 retro
390 1670 535 1726 habeatnr
552 1672 646 1736 ratim
671 1669 845 1744 dandaque,
870 1688 944 1746 quae
958 1679 1053 1736 tunc,
1081 1685 1148 1723 cum
1167 1667 1270 1724 vince·
1292 1671 1444 1732 neruumque
1456 1673 1523 1734 quod

246 1781 276 1830 15
289 1773 451 1851 rent,lnon
464 1744 660 1821 debebantur.
696 1763 783 1840 Rogo
795 1779 883 1839 ergo,
900 1772 932 1817 nt
944 1762 1162 1818 dubitationem
1174 1777 1268 1815 meam
1338 1759 1472 1810 debebatur

288 1874 410 1933 regere,
428 1853 535 1924 idest,
554 1857 699 1914 beneficia
717 1867 768 1912 tua
785 1856 981 1929 interpretari
998 1852 1061 1928 ipse
1079 1853 1221 1930 digneris.

533 1964 628 2022 CXX.
667 1971 841 2050 annianus
857 1967 983 2030 rutulo
1001 1969 1024 2015 a.
1091 2023 1096 2035 .

338 2064 526 2140 Iselusticum
542 2081 611 2148 tunc
618 2066 759 2142 primum
771 2065 852 2124 milui
868 2063 987 2122 uidetur
1006 2063 1141 2138 incipere
1153 2063 1266 2132 deberi,

288 2176 357 2216 cum
370 2159 439 2234 quie
455 2159 489 2215 in
500 2159 657 2216 ciuitatem
664 2157 758 2230 suam
770 2157 832 2234 ipse
844 2156 983 2230 ruitaria.
1018 2153 1270 2229 Obsonioeorum

242 2275 276 2322 20
288 2253 510 2322 certaminum,
539 2271 615 2328 quae
636 2249 787 2326 iselastica
808 2251 865 2324 esse
881 2250 1001 2326 placuit
1024 2251 1118 2315 milri,
1139 2249 1174 2328 si
1199 2264 1268 2306 aute
1377 2253 1436 2315 [li]
1501 2322 1503 2326 Ι

287 2348 308 2418 †
325 2343 475 2424 iselastica
487 2343 694 2418 rtonfuerunt,
706 2361 790 2402 retro
802 2365 862 2402 non
874 2344 1027 2402 debentur.
1051 2343 1114 2401 Nec
1119 2329 1270 2418 pr‘oficere
1291 2363 1386 2423 potest,
1397 2365 1459 2410 'nm
1478 2377 1522 2412 00.

285 2460 344 2516 pro
359 2437 509 2510 desiderio
528 2439 709 2496 athletarum
720 2437 823 2514 potest
841 2437 917 2514 quid
933 2456 1051 2506 eorum,
1072 2455 1148 2512 quae
1163 2433 1269 2512 postea
1291 2447 1351 2513 illm,
1363 2433 1521 2514 lll⁸⁰P0ss0⁸

288 2533 439 2609 iselastica
463 2553 524 2590 uon
540 2535 602 2606 lege
617 2530 774 2604 cortstitui,
793 2551 899 2607 quam,
918 2531 972 2606 qui
989 2530 1107 2599 ierant,
1130 2519 1269 2604 accipere
1308 2501 1428 2549 ¹s⁰¹²st¹⁰²
1450 2503 1506 2562 ¹⁰3⁸

288 2625 456 2700 desierunt.-
485 2641 602 2684 mutata
624 2625 706 2684 enim
729 2625 904 2682 conditione
927 2624 1129 2682 certaminum
1154 2623 1269 2680 nihilo·
1300 2653 1354 2686 cun
1374 2639 1511 2698 vincerent,

288 2721 407 2792 minus,
432 2739 508 2796 quae
525 2735 595 2776 ante
609 2733 784 2796 peregerat,
803 2737 862 2775 uon
879 2732 1071 2775 revocantur.
1314 2709 1363 2756 0ss⁰
1380 2709 1500 2756 dflfiefflssl

751 2831 753 2836 ,
1292 2784 1348 2826 ante
1359 2783 1523 2840 perceperant

357 2897 447 2946 CXIX.
466 2898 490 2945 a.
511 2900 709 2967 cohortamiuilup
726 2899 755 2945 T.
774 2897 841 2961 (non
857 2895 904 2958 B.)
929 2897 967 2945 ΙΙ).
980 2895 1068 2957 statum
1086 2897 1115 2944 T.
1140 2897 1206 2956 (non
1221 2895 1268 2958 Β.)

289 2965 314 3012 6.
332 2965 385 3026 Ego
407 2965 565 3026 connascrillo
586 2967 695 3026 isdasttci
717 2967 825 3026 nomine]
850 2965 965 3014 BTRAS.
993 2967 1051 3028 (sed
1073 2965 1163 3014 divisae
1188 2971 1269 3012 coutm

283 3033 392 3096 scribo.)
414 3037 467 3096 Ego
485 3041 567 3082 conae
578 3037 660 3096 scribo
676 3035 843 3095 {sdustimrum
859 3037 951 3082 nomine
969 3035 1039 3083 GFL.
1069 3035 1093 3082 7.
1111 3037 1145 3080 ita
1161 3039 1187 3080 ut
1202 3035 1270 3096 netu]

289 3103 319 3150 Β.
341 3106 417 3164 itaque
438 3119 517 3151 earum
542 3108 592 3152 uela.
615 3105 750 3152 TRASFL.
774 3108 808 3150 ita
829 3109 905 3152 tamen
926 3109 951 3150 ut
967 3106 1016 3152 velt.
1039 3103 1067 3152 C.
1095 3103 1165 3165 (Ego
1188 3109 1269 3150 couno
1304 3129 1310 3140 -

289 3170 398 3233 [sarilo]
415 3172 524 3232 iselastica*
540 3175 631 3220 romine
649 3173 743 3234 [itaque
760 3173 856 3234 eorum]
873 3176 922 3220 velt.
943 3173 1056 3232 Schaef.)
1081 3176 1105 3221 8.
1122 3165 1269 3238 εἰςήλασαν]

289 3241 360 3288 CEL.
378 3241 475 3301 setasan
491 3243 520 3290 Β.
539 3241 655 3302 iselas'ram'
671 3245 701 3290 T.
719 3241 825 3302 tselqsmu
842 3243 913 3290 RAS.
940 3244 979 3290 10.
985 3243 1074 3302 sterent
1092 3244 1122 3288 T.
1140 3243 1206 3302 (non
1223 3239 1269 3300 13.)

289 3309 327 3356 lb.
350 3311 432 3370 detur]
454 3311 527 3359 BTG.
553 3313 622 3358 datur
647 3312 759 3359 RASFL.
777 3312 846 3358 Fort.
865 3326 924 3358 nuuc
941 3313 1015 3357 detur.
1035 3311 1084 3358 Oa.
1117 3311 1156 3356 ll.
1173 3310 1219 3370 sisi
1240 3312 1269 3359 Β.

289 3379 327 3426 lla.
345 3377 392 3442 iia]
411 3381 459 3426 On.
477 3383 513 3426 aa
530 3381 592 3428 Edd.
621 3382 660 3428 12.
678 3378 794 3440 quidesse
811 3381 840 3426 T.
865 3382 931 3442 (non
952 3377 997 3440 B.)
1023 3380 1062 3426 12.
1082 3379 1128 3438 iic]
1149 3379 1179 3434 Il.
1198 3381 1268 3441 Seqq.

289 3451 325 3495 lu't
342 3448 414 3496 BTG.
442 3448 481 3496 lt.
503 3449 637 3508 dandaque,
658 3449 731 3508 quae]
749 3448 800 3496 Bc.
824 3449 966 3508 dandamque
990 3451 1052 3508 quod
1074 3448 1104 3494 T.
1126 3449 1269 3507 claudumque

288 3519 351 3578 quod
368 3515 480 3564 RASFL.
501 3515 540 3564 15.
555 3517 708 3578 debebantur]
723 3517 859 3565 BTCRAS.
877 3519 1000 3564 debebatur
1010 3517 1060 3564 Fu.
1083 3517 1159 3565 CXX.
1178 3517 1216 3564 18.
1229 3517 1269 3562 de·

289 3589 343 3634 bera
354 3587 383 3635 Ο.
399 3586 437 3634 lb.
452 3581 594 3648 εὶςῆλασεν]
611 3585 662 3637 CX.
679 3588 750 3649 Seqq.
763 3585 857 3646 iselaseu
871 3587 945 3634 BTll.
969 3587 1011 3634 22.
1021 3585 1098 3644 potest
1114 3586 1169 3644 quid
1182 3599 1268 3640 eorum,

288 3670 347 3716 quae
369 3653 451 3715 postea
474 3653 588 3714 iselastica
603 3656 656 3702 'aaa
678 3657 728 3714 lege
744 3655 863 3714 constituti,
887 3671 969 3716 quam,
993 3657 1142 3715 patuerant,
1165 3656 1269 3712 atemere

289 3723 417 3784 defieruut]
435 3723 464 3770 Β.
487 3724 550 3772 Item
568 3723 644 3770 TRA.
664 3725 703 3773 sed
720 3725 782 3784 quod
797 3739 845 3786 pro
859 3726 923 3785 quid.
937 3723 1016 3784 potefl
1032 3728 1079 3770 tam
1097 3737 1188 3778 eorum,
1212 3737 1269 3783 quae

285 3791 368 3852 postea
385 3791 498 3852 iselafflm
515 3795 565 3852 lege
579 3792 688 3852 constitui
703 3807 787 3852 quam,
806 3807 858 3838 cum
877 3796 1010 3849 uincerent,
1034 3792 1078 3852 effe
1095 3791 1209 3852 desierunt
1224 3791 1268 3840 GS.

289 3863 352 3910 Item
364 3863 428 3920 Fu,
447 3863 499 3910 sede
523 3875 592 3922 quam
610 3876 681 3922 quae,
703 3876 762 3908 eum.
779 3862 850 3910 Haec
866 3863 918 3910 sere
938 3863 1056 3912 sententia
1079 3863 1139 3909 latet
1162 3861 1186 3908 in
1210 3862 1268 3908 loco

289 3932 362 3980 saecla
379 3937 515 3991 corrupto,
533 3931 624 3978 scilicet
641 3931 756 3992 liinEp.
778 3945 861 3992 praec.
883 3933 979 3994 legatur
1000 3945 1059 3978 runc
1075 3933 1141 3977 detur
1158 3944 1206 3990 pro
1222 3945 1269 3978 unu

289 4001 373 4049 detur!
398 3998 499 4059 Obsonia
522 4013 602 4046 aarum
623 4002 787 4054 certaminum,
813 4013 870 4059 quae
891 4001 1005 4062 iselastica
1024 3991 1070 4058 esse
1084 4001 1178 4058 placuit
1196 4002 1268 4056 miti,

289 4073 353 4114 retro
370 4085 417 4118 auu
434 4069 550 4116 debeatur.
586 4070 649 4124 Nec,
663 4068 688 4128 si
704 4074 756 4114 aute
774 4067 888 4129 pitlafliea
904 4085 951 4116 uon
962 4071 1072 4131 sttcruut,
1092 4069 1206 4128 proficere
1219 4083 1268 4128 pro

289 4117 404 4196 desiderio
414 4141 553 4186 athletarum
568 4142 615 4185 um
626 4136 704 4197 potest
713 4139 771 4198 quid
783 4151 874 4194 eorum,
894 4153 951 4200 quae
959 4126 1041 4198 postea
1056 4136 1165 4200 salustiae*
1177 4140 1267 4184 nomine

232 4211 236 4226 ¹
291 4208 341 4264 tege
350 4207 470 4268 constitui,
485 4219 567 4270 quam,
582 4209 623 4268 qui
635 4201 781 4271 licitatur,
797 4210 901 4265 accipere
912 4197 1043 4269 tulerunt)
1058 4205 1142 4254 Verba
1154 4207 1207 4267 ipsu
1218 4221 1267 4254 non

234 4319 237 4326 .
290 4275 397 4334 praesto.
425 4276 466 4322 24.
483 4275 626 4337 peregerat]
643 4276 673 4323 Β.
687 4275 831 4336 peregerant
848 4276 898 4324 Tc.
913 4279 1068 4335 perceperant
1083 4276 1114 4324 lt.
1133 4277 1204 4337 Seqq.
1291 4271 1294 4280 '

1444 383 1531 464 tal
1627 419 1629 426 ⁴

1291 2569 1418 2626 constitui,
1441 2585 1538 2634 quam·
1593 2587 1600 2600 ·
