3440 4992
225 323 283 418 ἰιι

309 499 454 568 Tertium
474 497 608 584 alliquod
625 489 844 580 apo'graiphum
862 493 896 559 in
912 515 1020 560 manus
1039 493 1192 563 Cataraei
1209 496 1349 564 incidisse
1366 511 1461 584 puto,
1483 503 1540 584 qui

229 619 300 664 eum
332 589 463 660 eundem
497 587 699 674 epistolarum
734 603 911 652 numerum
930 592 1040 652 eodem
1074 589 1186 654 ordine
1223 595 1330 655 ederet
1362 594 1541 660 Mediolani

228 691 282 755 M.
304 690 349 754 D
370 688 452 762 VL,
479 687 558 748 haec
583 681 666 746 inter
692 679 752 744 alia
774 680 941 762 praefatus
967 684 1029 744 est·
1059 683 1199 755 ,Fatear
1224 697 1326 748 tamen
1351 691 1471 751 necesse
1497 693 1541 753 eu

227 783 363 866 primunt
383 776 508 843 uobis
498 797 530 840 ιιι
552 767 656 838 auimo
676 771 767 836 fuisse
788 775 844 836 has
863 772 1039 855 epistolas'
1029 785 1162 837 intactas
1186 774 1386 858 relinquere,
1412 789 1444 842 et
1467 780 1540 864 quia

228 895 293 938 uno
313 886 432 938 tautum
453 865 626 951 exemplari
645 879 772 948 praeter
789 865 933 950 impressa
954 887 1013 930 nee
1033 864 1090 929 illo
1112 869 1279 931 admodum
1299 873 1420 934 vetusto
1442 873 1540 936 adiuti
1563 893 1566 908 ·
1627 885 1641 894 “

228 967 364 1041 suimus,
398 977 430 1028 et
460 983 499 1025 ue
529 961 651 1024 idcirco
684 964 785 1050 ansam
818 957 976 1022 maledicis
1008 957 1201 1043 obiurgandi
1232 962 1411 1026 daremus.“
1453 966 1540 1042 Quae

230 1059 355 1144 quidem
383 1043 540 1139 praefatio
569 1051 676 1117 omissa
703 1052 783 1116 est'
773 1071 805 1113 ιιι
832 1050 983 1116 Catanaei
1006 1051 1132 1115 Veneta
1155 1051 1292 1116 editione
1312 1077 1370 1134 per
1390 1057 1539 1142 Ioannem

229 1154 373 1216 liubeum
399 1141 632 1212 vercellensem
657 1145 710 1208 M.
737 1141 905 1208 CCCCC.
931 1145 1033 1208 XIX.
1060 1143 1139 1220 fot,
1167 1166 1247 1228 quae
1274 1164 1383 1212 omnes
1410 1135 1541 1216 exhibet

229 1243 376 1328 epistolas
397 1263 438 1304 ex
458 1238 570 1304 ordine
591 1236 726 1300 Aldioo.

310 1333 459 1400 Ceterum
481 1327 693 1397 Catenaeus
683 1349 715 1392 ιιι
738 1325 875 1391 editione
899 1327 1139 1392 Mediolanensi
1159 1278 1333 1393 'Avantium
1356 1331 1537 1412 praesertim

229 1433 351 1494 secutus
379 1427 443 1502 est,
470 1435 505 1488 ut
531 1426 652 1487 constat
676 1442 716 1485 ex
743 1419 836 1482 huius
862 1418 984 1504 aliquot
1009 1419 1176 1485 erroribus
1203 1421 1363 1501 repetitis,
1389 1437 1487 1507 quos,
1506 1423 1538 1488 si

229 1541 384 1602 uuquam
371 1515 614 1582 Beroaldinam
640 1513 781 1586 vidisset,
813 1527 898 1576 certe
925 1507 1106 1588 sustulisset3
1137 1513 1306 1578 nonnullos
1333 1514 1424 1580 locos
1451 1531 1537 1580 reete

230 1597 651 1702 correxit310ugeplures
678 1602 827 1690 corrupit
856 1605 908 1668 vel
937 1607 977 1666 ab
1007 1604 1114 1687 operis
1145 1606 1308 1688 corrumpi
1337 1611 1439 1688 passus
1471 1612 1535 1682 est3

228 1704 344 1770 multos
369 1693 587 1784 interpolavit.
629 1699 730 1762 Huius
755 1717 849 1761 curae
876 1697 1038 1762 universae
1064 1703 1215 1780 quasdam
1245 1713 1276 1766 et
1304 1723 1378 1764 vcra
1405 1718 1436 1766 et
1461 1703 1538 1766 salsa

227 1791 473 1863 remanserunt
463 1815 495 1856 ιιι
519 1791 721 1856 Frobeuiaua
744 1813 816 1854 cum
841 1789 991 1855 Cataraei
1014 1793 1240 1856 commentario
1263 1795 1316 1856 M.
1339 1794 1383 1858 D.
1405 1796 1483 1860 LII.
1507 1809 1539 1860 et

228 1911 269 1956 ex
289 1892 349 1952 hac
369 1901 463 1969 atque
483 1883 635 1949 similibus
655 1887 751 1968 usque
772 1887 812 1946 ad
831 1905 890 1946 nos
910 1895 1085 1968 propagata
1107 1887 1187 1946 sunt.
1347 1921 1349 1928 ·

297 1981 444 2046 Duobus
469 1981 541 2060 post
568 1975 758 2040 Catauaeum
786 1975 874 2038 annis
899 1975 1001 2038 Aldus
1029 1995 1107 2038 avus
1133 1977 1186 2040 M.
1215 1976 1259 2040 D.
1275 1978 1385 2042 VIII.
1412 1991 1538 2061 praeter

228 2073 452 2146 Beroaldinas,
473 2069 569 2133 XLI
593 2067 739 2150 epistolas
759 2067 879 2150 primus
898 2067 930 2130 iu
950 2068 1052 2180 lucem
1070 2067 1222 2150 protulit,
1244 2091 1306 2153 qua
1326 2073 1364 2134 de
1384 2071 1538 2154 reipsum

115 2157 118 2168 ¹
139 2171 143 2180 ’
227 2178 437 2260 exponentem
457 2161 545 2226 iuvat
565 2160 695 2225 audire.

184 2365 196 2386 .
228 2320 365 2386 ALDUS
387 2320 479 2386 PIUS
503 2317 716 2380 MANUTIUS
742 2317 940 2378 ROMANUS
964 2317 1144 2378 ALOISIO'
1163 2320 1373 2380 MOCENICO
1396 2323 1537 2396 EQUITI

570 2416 623 2472 ET
642 2413 847 2484 SENATORI
864 2413 1029 2471 VENETO
1053 2411 1085 2474 S.
1103 2415 1138 2474 P.
1157 2415 1196 2474 D.

307 2540 455 2624 Solebam
469 2537 687 2622 superioribus
702 2538 807 2615 annis,
830 2535 950 2614 Aloili,
971 2537 1023 2600 vir
1037 2536 1216 2612 clarissime,
1238 2560 1307 2602 cum
1322 2551 1375 2602 aut
1389 2543 1432 2604 T.
1448 2531 1538 2606 Livii

224 2633 386 2714 Decades,
415 2653 495 2716 quae
523 2652 586 2694 uon
611 2634 733 2694 exstare
757 2634 945 2705 creduntur,
971 2641 1024 2692 aut
1048 2629 1172 2693 Salustii
1191 2644 1246 2696 aut
1266 2633 1372 2716 Trogi
1391 2632 1537 2698 historias

179 2764 181 2776 ι
226 2736 279 2788 aut
308 2723 450 2809 quemvis
480 2723 575 2788 alium
605 2745 645 2787 ex
680 2721 818 2812 antiquis
850 2718 1035 2810 auctoribus
1068 2721 1228 2786 inventum
1262 2727 1322 2788 esse
1353 2725 1537 2801 audiebam,

224 2838 325 2896 nugas
347 2814 451 2879 dicere
472 2837 510 2880 ac
529 2815 666 2880 fabulas.
709 2817 772 2879 Sed
792 2836 832 2878 cx
853 2815 917 2896 quo
938 2827 1010 2877 tue
1031 2813 1151 2889 Gallia,
1177 2815 1232 2878 ubi
1256 2839 1317 2897 pro
1342 2819 1458 2882 Senatu
1478 2833 1535 2884 tuo

225 2908 429 2993 integerrime
462 2909 752 2994 accuratissimeque
785 2907 922 2991 legatum
954 2927 1051 2992 agens
1085 2927 1227 2988 maguam
1260 2907 1320 2972 tibi
1352 2909 1473 2972 laudem
1504 2922 1537 2974 et

226 3000 362 3087 gloriam
393 3001 541 3084 peperisti
568 3024 638 3064 cum
666 2999 829 3081 plurimis,
861 3019 941 3082 quae
966 2996 1061 3062 inesse
1088 2998 1209 3080 optimo
1240 2999 1364 3064 oratori
1391 3015 1535 3108 oportet,

225 3105 293 3156 tum
313 3093 494 3178 eloquentia
515 3093 567 3156 illa
588 3107 641 3155 tua
662 3091 830 3180 singulari,
852 3112 913 3172 qua
933 3081 993 3152 tibi
1013 3102 1084 3154 ante
1105 3103 1136 3154 et
1148 3092 1280 3155 divitias
1298 3106 1329 3155 et
1349 3093 1482 3174 gratiam
1502 3094 1536 3160 iu

224 3187 339 3249 haere
360 3184 487 3268 publica
508 3171 761 3249 excellentillinia
783 3203 1043 3264 comparaveras,
1066 3184 1121 3246 has
1137 3183 1235 3248 Plinii
1251 3184 1428 3264 spillolas
1417 3210 1449 3250 ιιι
1470 3189 1535 3252 Ita·

224 3275 297 3341 liam
328 3275 556 3357 reportasti,
546 3298 578 3340 ιιι
613 3279 792 3360 membrana
822 3275 952 3358 scriptas
983 3287 1076 3356 atque
1108 3278 1186 3340 adeo
1215 3275 1345 3342 diversis
1372 3300 1390 3341 a
1419 3262 1566 3344 nostris'
1649 3341 1657 3352 ,

225 3369 479 3452 characteribus,
506 3382 540 3434 ut
560 3367 616 3432 uisi
637 3368 708 3452 quis
729 3369 782 3456 diu
803 3363 984 3442 assueverit,
1007 3369 1072 3430 non
1093 3382 1187 3451 queat
1206 3368 1331 3451 legere,
1352 3371 1445 3453 coepi
1465 3375 1535 3454 spe-

224 3481 296 3524 rare
317 3461 427 3540 mirum
448 3460 481 3524 in
502 3465 644 3537 modum,
665 3461 738 3525 fore
759 3473 859 3526 aetate
879 3463 1000 3534 nostra,
1021 3473 1055 3524 ut
1074 3457 1202 3542 plurimi
1223 3484 1262 3524 ex
1283 3461 1378 3526 bonis
1394 3466 1534 3532 auetori-

224 3545 301 3626 bus,
322 3573 403 3635 quos
423 3575 487 3618 uon
509 3557 632 3618 exstare
650 3555 824 3628 credimus,
845 3550 1058 3615 inveniantur.
1100 3552 1255 3616 Euentu
1275 3555 1421 3620 volumen
1435 3558 1534 3638 ipsum

224 3666 289 3712 uon
309 3641 408 3708 soloin
430 3646 710 3720 correctissimum,
737 3644 902 3710 sedetiam
924 3642 967 3707 ita
991 3642 1169 3726 antiquum,
1196 3659 1230 3709 ut
1255 3660 1359 3726 putem
1385 3649 1535 3729 scriptum

224 3735 322 3802 Plinii
343 3739 552 3826 temporibus.
594 3738 827 3824 Quamobrem,
847 3734 888 3811 li,
908 3747 943 3798 ut
963 3730 1104 3811 ⁸videtur,
1125 3760 1144 3802 a
1163 3737 1261 3801 Plinii
1282 3753 1381 3806 aetate
1402 3745 1441 3804 ad
1456 3744 1534 3806 haee

223 3831 319 3912 usque
345 3842 489 3909 tempora
518 3833 581 3894 hoc
613 3828 813 3910 epistolarum
846 3828 993 3891 volumen
1022 3831 1176 3892 servatum
1203 3834 1264 3904 est,
1293 3833 1346 3908 sit,
1377 3844 1411 3895 ut
1439 3831 1534 3898 facile

223 3924 349 3984 credam
369 3933 401 3984 et
422 3923 465 3984 T.
484 3922 612 3986 Livium
631 3933 662 3985 ct
679 3921 777 4010 alios,
799 3942 880 4006 quos
899 3933 964 3982 turn
983 3925 1150 3996 vetustate,
1170 3934 1235 3986 turn
1253 3923 1413 3988 homibum
1431 3924 1533 4008 negli-

85 4047 89 4051 ·
217 4011 347 4098 gestia,
368 4025 434 4077 tum
454 4011 488 4077 vi
508 4013 612 4096 aliqua
633 4013 852 4077 incursioneve
873 4023 1052 4076 exterarum
1074 4012 1212 4094 gentium
1227 4015 1340 4096 perisse
1359 4015 1533 4096 credimus,

205 4103 361 4180 alicubi,
382 4116 538 4188 tamquam
557 4104 588 4168 in
606 4106 704 4188 impio
723 4105 888 4170 conclusos
906 4125 1049 4179 earcere,
1069 4105 1228 4187 squalidos
1246 4107 1376 4172 delitere
1395 4111 1532 4191 sperem·

223 4219 286 4276 quc
306 4195 451 4264 exituros
471 4195 504 4258 in
524 4197 643 4271 lucem,
664 4198 759 4284 idque
780 4195 976 4278 temporibus
996 4198 1111 4264 nostris
1131 4219 1168 4266 ae
1189 4220 1273 4283 mea,
1293 4198 1317 4265 si
1336 4201 1389 4266 diu
1407 4202 1532 4277 vixero,

223 4289 392 4372 praecipue
414 4310 527 4373 opera,
557 4287 686 4356 Christo
708 4293 776 4357 lesu
796 4299 967 4367 annuente,
995 4286 1133 4376 ὂοτῆρος
1159 4287 1253 4357 ἐάων.
1294 4293 1387 4358 Nune
1414 4305 1532 4371 autem,
