3440 4992
1346 145 1351 200 t

191 328 1493 444 μω

217 522 291 574 cites.
326 524 390 572 Nem
486 517 662 588 ciuitatum,
676 517 809 576 eiusdem
820 531 921 574 tamen
927 519 1111 593 provinciae
1123 519 1205 576 cives
1216 517 1465 592 adscriberentur.

486 611 571 668 Nam
598 626 626 666 ec
651 611 729 688 legis
755 611 926 668 auctoritas
945 626 982 674 nt
1007 613 1097 686 longa
1124 611 1301 685 cousuetudo
1325 611 1468 688 usurpata

487 720 595 762 contra
618 705 712 776 legem
737 703 772 760 in
794 701 945 776 diversum
965 724 1084 762 movere
1107 719 1135 762 te
1153 704 1267 784 potuit.
1300 705 1397 762 Mihi*
1411 704 1468 762 boc

487 813 756 874 temperamentum
790 798 855 859 eius
883 798 1025 873 placuit,
1062 812 1093 853 ut
1123 818 1164 854 erc
1194 798 1360 872 praeterito
1389 798 1469 855 nibil

459 900 681 966 novor-emus,
700 889 759 966 sed
778 907 932 949 monerent
953 891 1093 967 quamvis
1114 906 1223 948 contra
1243 893 1336 964 legem
1357 891 1469 964 adsciti

488 1004 731 1061 quarumcunque
759 987 920 1043 civitatum
946 985 1047 1042 ciues:
1074 984 1106 1041 in
1121 982 1265 1056 sutorum
1289 999 1389 1042 autern
1416 983 1468 1040 tex

488 1079 637 1154 Pompeia
651 1077 876 1148 observaretur;
893 1080 979 1136 cuius
994 1077 1058 1134 uim
1064 1075 1099 1150 si
1115 1093 1198 1134 retro
1213 1095 1327 1154 quoque
1341 1075 1467 1133 velimus

488 1169 653 1242 custodire,
671 1171 766 1228 multa
783 1171 894 1245 necesse
911 1169 951 1244 est
964 1170 1155 1246 perturbari.

595 1328 722 1390 CXVII.
760 1336 789 1384 c.
811 1335 943 1384 Putruus
965 1335 1119 1384 ruAmno
1141 1335 1362 1384 merueram.

446 1495 477 1542 10
541 1478 601 1550 Qui
626 1480 747 1540 virileni
773 1491 874 1560 togam
904 1480 1021 1538 sumunt
1052 1481 1100 1538 vei
1130 1483 1250 1556 nuptias
1278 1481 1391 1541 iaciunt
1420 1483 1469 1538 vel

487 1577 592 1630 Ineunt
613 1572 817 1648 magistratum
840 1574 890 1631 vel
915 1591 990 1648 opus
1016 1575 1166 1648 pubiicum
1191 1573 1345 1643 dedicant,
1365 1573 1470 1630 'solent

487 1673 583 1722 latam
603 1666 692 1722 bulen
712 1675 800 1746 etque
820 1669 912 1722 'etiam
930 1685 946 1723 e
967 1668 1053 1742 plebe
1071 1684 1131 1724 non
1144 1670 1293 1744 'exiguum
1317 1685 1470 1724 numerum

387 1802 390 1811 .
489 1759 771 1835 uocare'binosque
795 1761 936 1817 denarios
961 1761 1011 1816 vel
1039 1759 1171 1837 singulos
1201 1761 1292 1816 dere:
1323 1761 1403 1836 quod
1429 1780 1470 1816 en

490 1851 700 1908 celebrandum
717 1865 747 1912 et
765 1863 908 1930 quatenus
928 1863 1030 1928 putee,
1055 1869 1130 1927 rogo
1148 1851 1271 1912 scribas.
1306 1853 1372 1926 Ipse
1391 1855 1471 1937 euim

201 1951 321 2010 arbitror,
343 1951 409 2011 [non
446 1951 477 2000 15
488 1943 563 2000 sicut
580 1945 714 2001 arbitror
737 1944 910 2020 praeferam
928 1963 966 2000 ex
981 1943 1171 2001 sollemnibus
1189 1945 1268 2003 caus
1270 1965 1285 2002 s
1304 1947 1471 2004 conceden»

214 2020 395 2137 ΙΨΡΙἛΘΠΞΘΓ]
470 2038 580 2094 dum
571 2055 618 2093 rus
629 2039 837 2108 invitationis
856 2041 899 2094 ita
914 2055 1039 2106 vereor,
1059 2057 1094 2094 ne
1104 2059 1143 2106 u,
1162 2059 1213 2114 qur
1203 2039 1303 2095 mille
1317 2037 1469 2104 homines,

216 2103 396 2220 c⁰nfi⁰us⁹sf]um
489 2131 640 2188 interdum
664 2133 755 2186 etiem
778 2132 893 2207 plures,
920 2143 1048 2200 vocent,
1070 2133 1190 2190 modurn
1215 2135 1361 2198 excedere
1385 2142 1416 2187 et
1439 2133 1470 2188 in

175 2284 177 2290 y
197 2287 200 2291 .
228 2227 384 2280 invitationes
489 2223 616 2300 speciem
635 2221 788 2284 dianomes
805 2225 938 2283 incidere
956 2227 1126 2288 videantur.

603 2427 618 2457 ,
713 2384 854 2444 CXVHI.
891 2389 1065 2436 Tauranus
1079 2389 1207 2436 eururo
1226 2391 1249 2437 s.

492 2628 586 2698 tatia,
612 2647 688 2708 quae
713 2642 741 2684 et
764 2629 797 2685 in
821 2647 945 2686 numero
971 2627 1094 2684 modum
1116 2628 1237 2686 raecedit
1260 2644 1288 2684 et
1311 2629 1400 2704 quasi
1415 2649 1472 2702 per

493 2740 641 2798 corpora,
665 2741 725 2778 non
747 2721 871 2781 viritim
885 2717 1086 2796 singularem
1106 2721 1236 2790 notitia,
1261 2723 1304 2778 ad
1310 2722 1471 2794 sollemnes

485 2815 644 2890 Jportulas
656 2813 820 2872 contrabit.
856 2813 918 2871 Sed
923 2833 982 2888 ¹ego
997 2813 1067 2871 ideo
1079 2815 1274 2888 prudentiam
1287 2831 1370 2870 tuam
1382 2816 1471 2887 elegi,

494 2923 526 2968 ut
536 2905 719 2978 formandis
738 2905 826 2985 istius
839 2907 1021 2987 prooirtciae
1036 2907 1173 2964 moribus
1188 2905 1250 2982 ipse
1266 2907 1472 2964 moderareris

449 3015 482 3064 tu
495 3016 523 3060 et
545 3021 581 3056 eo
609 2999 794 3072 constituas,
823 2998 899 3074 qitae
926 3000 968 3056 ad
990 3015 1169 3078 perpetuum
1201 3000 1266 3058 eius
1291 3001 1473 3076 provinciae

486 3095 626 3170 quietem
643 3089 733 3166 essent
747 3091 921 3166 profutura.

496 3271 803 3288 m

1045 3322 1067 3354 Q

565 3405 590 3451 3.
613 3409 694 3452 contra
714 3407 789 3465 legem
806 3403 919 3464 diuersum
936 3405 965 3452 C.
983 3405 1050 3464 (nou
1066 3401 1135 3464 BT.)
1154 3404 1178 3451 5.
1193 3404 1343 3464 nouaranus]
1357 3405 1387 3450 R.
1403 3403 1473 3464 Seqq.

497 3475 677 3540 novemur.
696 3489 836 3522 moveremus
856 3475 906 3521 BG.
939 3473 1018 3522 cv11.
1041 3475 1081 3520 16.
1098 3473 1124 3532 Ι
1125 3479 1163 3518 cut
1180 3475 1284 3520 arbitror
1301 3489 1340 3531 pr.
1363 3487 1392 3518 es
1409 3471 1435 3530 Ι.
1453 3487 1473 3519 c.

497 3559 561 3590 conc.
580 3546 615 3593 ius
634 3544 792 3604 invitationis]
814 3543 928 3594 Schefferi
951 3542 1015 3590 coni.
1038 3543 1110 3604 prob.
1133 3543 1272 3590 Schaeiero.
1287 3541 1312 3602 Ι
1313 3546 1351 3588 cut
1371 3543 1475 3588 arbitror

493 3627 534 3672 pn
551 3627 581 3658 ea
581 3605 612 3670 Ι.
631 3627 651 3660 c.
673 3627 736 3660 canc.
753 3611 807 3672 iuffi
822 3615 968 3662 incitationes
986 3611 1062 3658 BRA.
1089 3611 1210 3668 ItemT.,
1228 3613 1281 3658 led.
1299 3613 1475 3656 immutationes.

495 3680 555 3738 licut
574 3681 678 3728 arbitror
698 3695 744 3726 uon
763 3683 919 3739 imprudenter
932 3696 974 3738 pr.
992 3697 1023 3726 ea
1035 3679 1058 3740 Ι.
1077 3695 1097 3727 c.
1115 3695 1179 3726 conc.
1197 3679 1252 3739 ittffi
1268 3681 1414 3726 invitationes
1431 3679 1474 3728 CS.

497 3751 621 3805 ltemL.‚
645 3749 685 3798 led
703 3749 734 3809 [J
751 3765 791 3798 vv.
809 3765 856 3796 non
874 3751 1081 3808 tumularent
1057 3747 1082 3808 Ι
1083 3753 1120 3796 cut
1136 3749 1240 3798 arbitror
1258 3763 1303 3795 uon
1321 3749 1476 3810 imprudenter

496 3834 549 3878 pr.
554 3834 584 3864 eo
596 3817 619 3880 Ι.
637 3831 657 3864 c.
673 3831 737 3866 corte.
756 3817 811 3880 t'nffi
828 3819 1006 3864 inuitationiF.
1036 3819 1076 3865 18.
1094 3817 1228 3876 dionomes]
1247 3818 1350 3866 Casuub.
1369 3817 1475 3864 Hoerne.

144 3929 147 3938 ,
498 3886 720 3934 diumonerBRAS.
735 3887 922 3934 diamoriesTC.
935 3888 1073 3936 diamosries
1084 3887 1133 3935 FL.
1152 3887 1188 3932 lb.
1201 3887 1341 3948 incipereT.
1354 3881 1475 3944 (nonB.)

499 3956 616 4002 CXVIII.
647 3956 689 4002 20.
707 3956 841 4018 dianomes]
863 3957 897 4002 Ut
918 3957 998 4016 supra.
1022 3957 1141 4002 diamanes
1161 3955 1275 4002 BTRAS.
1298 3955 1423 4002 dioeore'es
1447 3953 1475 4000 0.

498 4025 635 4072 diamoeries
656 4025 705 4073 FL.
741 4024 782 4071 21.
801 4026 930 4070 immutatio
955 4025 984 4070 T.
1002 4025 1068 4086 (nou
1089 4025 1135 4084 Β.)
1164 4024 1201 4072 Ib.
1221 4021 1326 4080 cecedit]
1355 4021 1383 4068 C.
1404 4019 1475 4093 Seqq.

497 4095 595 4140 excedat
614 4093 665 4144 BT.
693 4093 754 4155 (Sed
772 4107 833 4140 mox
854 4093 880 4139 hi
899 4107 1010 4160 quoque.
1036 4096 1159 4156 conuenit.
1163 4093 1178 4154 )
1204 4091 1246 4140 et.
1267 4089 1423 4150 resonnurtdir
1447 4092 1475 4138 C.

498 4161 563 4224 (non
582 4161 649 4222 BT.)
676 4161 717 4208 25.
736 4161 883 4222 cantaturus
900 4163 958 4209 Eru.
974 4161 1036 4221 susp.

511 4379 1487 4404 mm
