3440 4992
283 553 427 610 structum
449 547 623 606 commilitio
645 556 715 612 tuo,
742 545 827 602 cuins
851 541 1026 617 disciplinae
1050 537 1153 608 dehet,
1182 541 1261 618 qnod

283 644 466 720 indulgentia
480 653 531 697 tna
546 640 653 715 dignus
670 637 721 694 est.
759 636 848 711 Apud
864 655 910 692 me
927 647 957 692 et
971 637 1079 692 milites
1093 648 1122 692 et
1134 637 1259 713 pagani,

284 737 426 814 aquibus
444 735 554 792 institia
576 735 651 801 eins·¹
663 743 693 787 et
715 731 883 792 hamanitas
906 721 1026 805 penitus
1048 731 1179 815 inspecta
1204 729 1259 796 est,

284 832 420 886 certatim
443 829 471 884 ei
490 845 546 903 qua
570 826 712 902 privatim
735 843 798 902 qna
814 822 933 898 publice
957 823 1124 899 testimonia
1150 835 1261 899 pertri-

254 923 421 985 shuerunt.
458 921 546 994 Quod
565 923 597 978 in
617 921 755 977 notitiam
773 928 856 976 tuam
873 917 994 993 persero
1015 935 1050 974 ea
1073 915 1147 986 fide,
1172 935 1260 994 quam

282 1017 338 1074 tihi
356 1015 470 1074 debeo..
794 1014 796 1020 '
1060 1003 1066 1033 ³

422 1129 491 1176 XlX.
527 1129 555 1177 C.
573 1091 705 1175 Patmos
723 1125 877 1174 TRAIANO
895 1123 1116 1174 tnpnnsrottt.

1291 593 1376 640 >quem
1394 579 1488 624 abunde

1328 647 1454 707 ‘conspexi

1326 716 1464 764 instructum

1237 825 1242 836 .
1315 785 1476 832 testimonium

1316 853 1486 902 retribuemus

333 1219 547 1294 Nymphidium
564 1217 698 1292 Lupum,
718 1215 864 1282 Domine,
883 1214 1112 1289 primipilarem,
1135 1213 1259 1268 commi-
1347 1219 1350 1228 ⁴

282 1313 405 1370 litonem
422 1311 527 1382 habn13
552 1309 697 1385 cumipse
715 1307 854 1366 tribunus
873 1307 978 1376 essem,
1005 1307 1054 1364 ille
1071 1307 1256 1381 praefectus:

239 1416 270 1462 10
283 1407 351 1464 inde
367 1407 553 1463 familiariter
566 1405 689 1480 diligere
705 1403 803 1476 coepi.
838 1399 940 1456 Crevit
952 1399 1053 1474 postea
1071 1401 1181 1455 caritas
1196 1397 1257 1472 ipsa

282 1511 398 1556 mutuae
421 1497 564 1556 vetustate
592 1499 750 1554 amicitiae.
785 1497 889 1570 Itaque
913 1504 942 1550 et
966 1495 1060 1570 quieti
1084 1495 1147 1549 eius
1167 1493 1258 1548 inieci

281 1613 401 1650 uranum
423 1604 453 1649 et
470 1594 583 1658 exciri,
608 1603 706 1647 utute
725 1593 757 1647 iu
778 1591 916 1663 Bithynia
937 1588 1061 1644 consilio
1084 1586 1254 1645 instrueret.
1281 1619 1282 1622 =

283 1688 370 1762 Quod
386 1687 435 1744 ille
449 1685 622 1742 amicissime
638 1695 667 1741 et
677 1685 737 1746 otii
751 1694 780 1739 et
793 1683 953 1740 senectutis
968 1683 1084 1762 ratione
1097 1678 1258 1758 postposita¹

281 1795 311 1840 et
329 1784 388 1839 iam
405 1782 476 1837 feeit
493 1781 673 1836 et-sactnrns
690 1777 746 1856 test.
786 1775 902 1849 Quibus
924 1793 961 1832 ex
984 1773 1079 1830 causis
1098 1772 1258 1828 necessitu-

239 1881 268 1935 l't
282 1876 365 1932 dines
384 1876 448 1932 eins
462 1876 541 1941 inter
555 1891 636 1928 meas
654 1890 795 1938 numero,
815 1868 909 1926 lilium
926 1871 957 1926 in
975 1869 1096 1943 primis,
1110 1867 1259 1939 Nymphi-

282 1969 364 2026 dium
388 1967 527 2042 Lupum,
555 1969 693 2023 iuvenem
715 1961 859 2040 probum,
883 1962 1060 2019 industrium
1085 1972 1114 2016 et
1137 1961 1258 2034 egregio

280 2073 365 2137 patre
388 2057 604 2136 dignissimum,
630 2057 824 2115 suffecturum
847 2057 1048 2132 indulgentiae
1071 2066 1158 2122 tuae;
1182 2053 1259 2114 sicut

277 2141 386 2229 'primis
413 2157 477 2212 eins
503 2154 715 2229 experimentis
740 2150 919 2226 cognoscere
942 2160 1044 2224 potes,
1076 2165 1144 2204 eum
1170 2165 1259 2222 prae-

281 2250 376 2304 fectus
403 2249 535 2304 cohortis
565 2246 766 2322 plenissimum
791 2247 991 2304 testimoninm
1019 2247 1162 2302 meruerit
1190 2245 1258 2302 Iulii

234 2355 268 2402 ao
281 2341 405 2398 Ferocis
436 2351 466 2398 et
497 2340 585 2398 Fusci
616 2339 815 2409 Salinatoris,
851 2339 1079 2398 clarissimorum
1112 2340 1257 2398 virorum.

282 2435 381 2492 Meum
399 2435 540 2512 gaudium
556 2454 709 2512 meamque
728 2435 956 2511 gratulationem
977 2431 1033 2490 lilii
1052 2434 1165 2491 honore
1184 2450 1259 2488 con-

281 2531 417 2588 linerent.

431 2643 486 2688 xic
521 2642 549 2689 c.
567 2641 699 2688 retatus
716 2617 869 2689 charaso
887 2641 1108 2695 turnaarom.

331 2729 373 2788 Ut
392 2732 521 2804 primum
537 2749 597 2797 me,
616 2725 763 2796 Domine,
789 2728 973 2805 indulgentia
994 2717 1090 2785 vestra
1110 2729 1260 2804 promovit

180 2889 182 2896 y
236 2826 267 2872 2⁵
282 2823 318 2880 ad
331 2805 549 2898 praesectnram
565 2824 675 2878 aerarii
688 2821 827 2890 Saturni,
847 2821 985 2880 omnihus
999 2821 1258 2888 advocationibus,

281 2915 389 2992 quihus
405 2917 516 2992 alioqui
531 2935 692 2993 numquam
707 2934 789 2972 eram
806 2916 974 2990 promiscue
990 2916 1127 2982 functus,
1144 2933 1259 2974 renun-

279 3010 368 3076 tiavi,
391 3020 425 3064 nt
447 3019 509 3064 toto
528 3010 627 3066 animo
646 3009 779 3084 delegato
798 3011 869 3065 mihi
888 3007 987 3066 officio
1005 3027 1155 3068 vacarem.
1193 3009 1257 3080 Qua

281 3121 317 3158 ex
333 3101 436 3168 cansa,
456 3121 524 3158 cum
538 3113 697 3177 patronum
711 3121 757 3157 me
773 3101 974 3176 provinciales
993 3102 1141 3177 optassent
1153 3093 1258 3158 contra

1356 1583 1433 1647 exegi

1336 1873 1362 1916 et
1378 1868 1454 1916 tilium

1281 2381 1408 2444 gandium,
1423 2379 1511 2427 Doml·

1292 2466 1334 2507 ne,
1352 2464 1430 2497 meam
1443 2465 1467 2510 g.
1481 2452 1500 2496 l.
1520 2475 1523 2484 ‹

1299 2520 1411 2586 bonores
1429 2533 1487 2565 con·

1348 2588 1442 2636 darent

281 3196 410 3252 Marium
427 3195 581 3263 Priscum,
601 3207 630 3252 et
648 3197 720 3270 petii
738 3199 856 3252 veniam
869 3198 956 3252 huius
972 3198 1104 3252 muneris
1120 3207 1149 3252 ct
1164 3198 1259 3270 impe-
1299 3213 1302 3219 Δ

209 3311 211 3317 ·
233 3301 266 3344 30
279 3291 366 3346 travi.
403 3289 463 3348 Sed
482 3309 549 3346 cum
566 3289 667 3365 postea
686 3289 789 3346 consul
806 3289 974 3372 designatus
994 3287 1152 3346 censuisset
1168 3308 1260 3364 agen·

278 3427 586 3444 m

347 3517 443 3563 xvtlt.
474 3515 499 3564 d.
528 3516 673 3579 testimonia]
699 3517 728 3564 B.
759 3507 888 3578 t'estr'nronio
912 3519 942 3566 Τ.
965 3516 1117 3576 testimoninm
1145 3518 1256 3566 RASFL.

278 3586 315 3632 Ib.
325 3587 512 3650 pertristes-unt]
529 3587 663 3633 BTRASL.
677 3589 831 3634 retribuerant
842 3589 891 3635 CF.
909 3588 946 3634 Ih.
955 3586 1055 3645 profero
1065 3587 1115 3634 CF.
1133 3587 1202 3632 xlx.
1218 3587 1255 3632 12.

278 3669 369 3701 niarium
383 3659 405 3699 et
417 3657 505 3708 moini,
519 3656 603 3716 utme]
622 3657 650 3701 Β.
669 3655 734 3714 (scil.
747 3658 835 3716 enini.)
853 3671 944 3702 manum
956 3661 979 3701 et
990 3648 1137 3722 ecnitmeiT.
1150 3669 1256 3702 monam:

278 3731 303 3770 nt
314 3741 348 3769 me
359 3724 385 3770 C.
398 3739 489 3769 mannen
503 3731 525 3770 et
538 3727 606 3783 arogi
612 3729 654 3777 ..at
665 3739 700 3768 me
710 3726 793 3773 RASF
795 3727 821 3772 t.
840 3725 986 3783 lb.'consilio
999 3721 1135 3785 instrueret]
1144 3724 1254 3771 RASFL.
1299 3749 1307 3764 ι
1382 3716 1386 3730 l

219 3841 222 3850 ι
278 3793 375 3852 consilio
393 3797 508 3838 estruem
531 3793 581 3839 ΒΤ.
606 3807 656 3839 cnm
667 3793 725 3851 filio
747 3793 874 3852 crjlrncret
893 3795 920 3841 C.
949 3790 1068 3854 13.,q'uod
1089 3797 1135 3839 iam
1154 3807 1200 3838 nm.
1224 3793 1254 3840 R.

281 3864 318 3909 14.
336 3865 404 3908 ctiam
419 3861 481 3919 fecit
499 3863 549 3908 BT.
576 3862 614 3908 15.
632 3877 694 3908 meos
714 3863 742 3908 B.
761 3863 906 3922 lhfllinm]
926 3863 1016 3910 BTCL.
1034 3863 1148 3922 etstttnm
1163 3860 1254 3908 RASF.

281 3934 318 3979 18.
332 3935 425 3989 primns
438 3931 467 3975 T.
483 3927 547 3988 (non
557 3931 604 3988 B.)
620 3932 661 3977 21.
674 3931 801 3990 gaudinam]
814 3931 886 3978 BTC.
904 3935 1022 3990 gandium,
1031 3933 1131 3977 Domine
1143 3930 1254 3976 RASFL.

277 4002 314 4047 lb.
331 4014 448 4057 meamque
460 3999 655 4059 gratulationem]
672 3999 743 4047 BTC.
762 4015 836 4044 meam
853 4001 1115 4061 gratulntionqmsRAS.
1133 4013 1183 4044 mco
1198 4014 1254 4058 gro·

278 4062 360 4132 inlatio
386 4069 435 4114 FL.
471 4069 508 4114 lb.
534 4071 621 4114 honore
646 4069 799 4128 continerem]
827 4069 856 4116 B.
884 4073 971 4116 nonore
997 4071 1138 4114 continerent
1162 4068 1254 4114 TRAS.

277 4139 363 4192 dorsone
377 4138 502 4183 continebis
516 4137 544 4184 C.
559 4139 646 4183 honore
662 4135 805 4184 continuetur
820 4138 849 4184 F.
866 4142 954 4185 nonore
968 4139 1096 4184 continetur
1109 4138 1136 4184 L.
1156 4139 1255 4182 honores

278 4209 408 4251 coritianent
417 4205 517 4252 Gesn'eri
527 4206 591 4253 coni.
613 4207 668 4252 XX.
681 4207 722 4252 st.
737 4208 784 4252 ind.
796 4211 834 4270 tna
844 4207 873 4254 1⁴¹.
891 4204 1074 4266 successisset]
1088 4205 1214 4252 Gruterus.
1227 4205 1254 4250 t..

278 4273 396 4334 censuiffea
415 4275 506 4322 RASF.
526 4274 563 4322 lb.
583 4275 714 4334 agendum]
735 4275 876 4323 Brlss'onius.
894 4276 964 4321 Grnt.
980 4277 1007 4322 1..
1027 4277 1146 4322 tacendum
1161 4273 1253 4320 RASF.
