3440 4992
461 421 464 438 ε
494 371 654 450 »obligari3
677 375 756 432 inter
780 379 855 448 quos
876 371 933 429 libi
954 371 1002 428 vel
1022 375 1217 450 praecipitum
1239 376 1339 434 locum
1359 379 1495 438 vindicat

455 533 458 540 ¹
512 467 666 524 Voconius
690 465 859 535 Romanus,
887 463 924 522 ab
948 467 1068 522 ineunte
1096 478 1191 524 aetate
1218 471 1440 547 condiscipulus
1464 485 1495 530 et

462 579 466 599 ·
513 557 738 616 contubernalis
763 577 858 642 meus.
895 556 1011 631 Quibus
1038 575 1077 614 ex
1101 560 1197 616 causis
1222 573 1252 618 et
1276 583 1294 619 a
1315 551 1385 622 divo
1407 577 1494 640 patre

458 697 460 704 a
512 663 565 709 tuo
588 655 747 728 petieram,
770 652 906 709 utillum
927 653 960 708 in
984 651 1195 726 amplissimum
1215 655 1352 714 ordinem
1369 677 1495 732 promo-

468 757 501 806 ·t
514 755 612 802 reret:
630 743 682 802 sed
699 746 757 802 hoo
775 757 877 804 votum
893 763 992 801 meum
1005 743 1135 802 bonitati
1148 757 1217 806 tuae
1235 747 1419 810 reservatum
1436 751 1494 823 ab,
1563 774 1567 782 ·

515 839 584 914 quia
606 849 699 896 mater
718 839 846 896 Romani
865 837 1075 896 liberalitatem
1090 837 1217 896 sestertii
1234 841 1494 920 quadringenties,

516 931 596 1008 quod
619 933 756 1001 conferre
775 932 804 988 se
827 929 890 990 filio
912 931 1058 988 codicillis
1080 931 1118 988 ad
1136 943 1253 1008 patrem
1272 946 1357 992 tunm
1375 935 1496 1013 scriptis

515 1027 646 1104 professa
669 1030 781 1094 suerat,
808 1026 941 1082 nondum
966 1025 1037 1082 satis
1060 1025 1201 1100 legitime
1214 1037 1389 1102 peregerat:
1417 1029 1498 1104 quod

516 1119 617 1196 postea
639 1119 711 1176 lecit
737 1119 886 1176 admonita
909 1139 926 1175 a
950 1117 1048 1174 nobis.
1084 1117 1162 1174 Nam
1185 1129 1214 1174 et
1234 1119 1343 1176 fundos
1365 1123 1498 1178 emanci-

474 1215 602 1288 lopavit
627 1223 656 1268 et
677 1223 791 1282 cetera,
816 1230 891 1290 quae
914 1213 946 1268 in
971 1213 1208 1285 emancipatione
1232 1213 1383 1288 implenda
1403 1213 1500 1271 solent
1532 1245 1535 1267 ·,

519 1307 615 1382 exigi,
643 1303 868 1364 eonsmnmevit.
905 1304 980 1362 Cum
1005 1301 1044 1360 sit
1069 1321 1142 1380 ergo
1168 1302 1303 1373 finitum,
1331 1307 1412 1382 quod
1432 1309 1498 1384 spes

519 1400 637 1456 nostras
655 1396 841 1466 morabatur,
859 1415 922 1454 non
940 1399 1005 1453 sine
1022 1414 1130 1472 magna
1143 1393 1252 1454 fiducia
1265 1396 1405 1474 subsigno
1422 1400 1500 1476 apud

520 1504 550 1549 te
568 1489 658 1548 iidem
674 1509 730 1566 pro
748 1488 882 1546 moribus
900 1489 1028 1548 Romani
1044 1491 1120 1558 mei,
1145 1509 1220 1567 quos
1240 1501 1270 1548 et
1286 1489 1422 1549 liberalia
1439 1493 1501 1550 ttu-

523 1586 570 1642 dia
594 1594 742 1642 exornant
764 1594 793 1639 et
817 1585 925 1640 eximia
948 1585 1059 1659 pietas,
1083 1600 1156 1658 quae
1179 1583 1257 1640 hano
1279 1583 1373 1658 ipsa'm
1396 1587 1502 1642 matris

480 1677 732 1738 inliberalitatem
755 1686 785 1732 et
807 1675 905 1736 statim
929 1677 1024 1750 patris
1048 1675 1243 1732 hereditatem
1266 1677 1504 1752 et-adopttonem

525 1791 542 1828 a
560 1772 668 1828 vitrico
686 1771 804 1828 meruit.
841 1768 940 1845 Auget
957 1769 1030 1824 haec
1049 1779 1079 1824 et
1096 1768 1240 1824 natalium
1259 1779 1289 1826 et
1311 1779 1504 1845 paternarum
1531 1800 1534 1806 ·

524 1864 698 1920 facultatum
717 1861 872 1936 splendor;
896 1858 1004 1938 quihus
1025 1859 1152 1936 singulis
1169 1857 1293 1920 multum
1314 1865 1505 1921 commenda-

525 1959 617 2014 tionis
644 1954 829 2012 aucellarum
855 1956 945 2011 etiam
973 1971 1010 2010 ex
1036 1955 1110 2012 meis
1137 1954 1278 2030 precibus
1304 1957 1506 2034 indulgentiae

526 2059 594 2104 tuae
617 2047 718 2108 credo.
753 2047 839 2122 Rogo
862 2065 949 2130 ergo,
976 2048 1122 2116 Domine,
1135 2059 1177 2104 ut
1200 2067 1246 2106 me
1269 2049 1506 2126 exoptatissimae
1529 2083 1530 2086 η

481 2149 515 2198 20
527 2143 601 2198 mihi
612 2140 820 2218 gratulationis
832 2151 999 2215 compotem
1013 2141 1123 2208 facias,
1142 2151 1172 2198 et
1185 2141 1333 2210 honestis,
1352 2149 1399 2211 (ut
1411 2143 1508 2219 spero)

529 2233 684 2292 affectibus
702 2236 776 2290 meis
794 2232 942 2307 praestes,
964 2233 1076 2288 utnon
1095 2235 1127 2290 iu
1144 2253 1190 2292 me
1207 2245 1338 2306 tantum,
1357 2255 1463 2294 verum
1480 2249 1509 2294 et
1563 2232 1566 2238 ’

529 2331 561 2386 in
579 2331 675 2386 arnico
693 2327 818 2404 gloriari
835 2322 954 2384 indiciis
973 2327 1033 2382 tuis
1052 2325 1170 2402 possim.

685 2458 730 2506 1v.
765 2459 793 2506 G.
811 2456 944 2505 PLINIUS
961 2453 1115 2506 TRAIANO
1133 2455 1354 2506 IMPERATORI.
1424 2523 1427 2530 Ι

579 2565 725 2621 -Proximo
751 2581 845 2631 anno,
867 2561 1014 2628 Domine,
1039 2559 1211 2636 gravissima
1231 2560 1401 2618 valetudine
1419 2559 1510 2638 usque

392 2681 394 2686 ·
486 2657 571 2722 asad
593 2657 759 2732 periculum
780 2657 858 2713 vitae
881 2666 1018 2724 vexatus,
1047 2655 1219 2731 iatralipten
1242 2654 1397 2731 assumpsi3
1427 2657 1512 2712 cuins

481 2785 482 2790 κ
532 2749 724 2810 sollicitudini
745 2760 775 2831 et
797 2745 893 2806 studio
914 2760 983 2806 tuae
1005 2759 1122 2806 tantum
1143 2747 1343 2824 indulgentiae
1366 2745 1513 2804 beneficio

532 2846 646 2902 referre
664 2844 791 2921 gratiam
808 2859 912 2918 parem
928 2841 1055 2917 possum.
1092 2841 1192 2914 Quare
1209 2859 1301 2917 rogo,
1320 2841 1373 2898 des
1391 2843 1419 2898 ei
1437 2843 1514 2899 civi-

533 2949 625 2994 tatem
636 2937 812 2999 Romanam.
847 2934 900 2992 Est
914 2937 1181 3011 enimperegrinae
1194 2933 1390 3002 conditionis,
1409 2951 1515 2990 manu-

535 3031 638 3088 missus
661 3049 678 3086 a
701 3031 871 3104 peregrina.
906 3030 1041 3102 siccatur
1062 3022 1124 3103 ipse
1145 3028 1333 3103 Harpocran:
1357 3037 1516 3102 patronam

490 3135 523 3184 ³0
536 3123 639 3181 hahuit
661 3123 859 3180 Thermuthin
882 3123 1133 3206 Theonisgquae
1155 3123 1215 3178 iam
1237 3121 1353 3196 pridem
1376 3121 1515 3187 defuncta

537 3203 700 3276 est.’1tcm
716 3234 807 3292 rogo,
832 3213 884 3272 des
906 3217 952 3272 ins
971 3215 1133 3288 Quiritium
1151 3213 1268 3270 libertis
1281 3216 1431 3273 Antoniae
1450 3213 1517 3272 Ma-

536 3311 684 3378 ximillae,
703 3308 906 3371 ornatissimae
923 3309 1067 3378 feminae,
1091 3307 1205 3365 Hediae
1224 3319 1254 3365 et
1270 3307 1419 3397 Antoniae
1437 3308 1518 3368 Har-

537 3405 656 3475 mcridi;
677 3404 757 3483 quod
774 3423 791 3461 a
807 3413 838 3460 te
855 3413 975 3479 petente
992 3413 1119 3477 patrona
1135 3413 1215 3478 peto.

699 3520 731 3568 V.
766 3519 794 3568 C.
812 3517 944 3566 PLlNIUS
962 3516 1115 3566 TRAIANO
1132 3514 1355 3566 brehemont.

494 3644 527 3692 35
591 3623 784 3696 Exprimere,
806 3621 952 3688 Domine,
977 3619 1078 3678 verbis
1098 3640 1160 3678 non
1180 3619 1317 3697 possum,
1344 3633 1454 3698 quanto
1472 3640 1519 3678 me

541 3715 649 3795 gaudio
676 3711 833 3772 affecerint
859 3713 999 3790 epistolae
1024 3725 1110 3785 tuae,
1138 3733 1176 3772 ex
1202 3712 1310 3792 quihus
1338 3715 1465 3790 cognovi
1490 3724 1520 3770 te

541 3826 858 3862 -···-·-·······r

611 3895 659 3943 111.
705 3894 730 3940 θ.
756 3893 842 3941 CCCC.
863 3895 914 3942 Hs,
946 3895 1018 3943 Geso.
1043 3893 1104 3957 susp.
1156 3895 1195 3941 12.
1212 3893 1324 3956 subfigno
1350 3895 1413 3952 apud
1440 3899 1462 3940 te
1481 3894 1522 3958 s.]

544 3963 595 4010 AL.
613 3963 733 4025 fnhfigno.
757 3963 818 4008 Aen
838 3967 860 4008 tc
877 3964 902 4022 s.
926 3965 957 4011 R„
977 3961 1098 4024 subsigno.
1126 3963 1205 4023 Auges
1223 3963 1248 4024 f.
1266 3965 1315 4010 se.
1358 3964 1397 4009 17.
1417 3962 1523 4024 faculta-

545 4033 602 4078 tium
616 4033 647 4080 R.
673 4033 718 4088 IV.
736 4032 778 4080 26.
790 4029 941 4090 solicitudine
954 4033 985 4080 R.
1012 4033 1054 4079 st.
1072 4045 1211 4091 ompmm
1224 4032 1317 4092 Gierig.
1346 4031 1387 4077 29.
1399 4037 1524 4090 patronum

535 4101 641 4162 thohou]
662 4103 711 4150 eh.
737 4105 867 4148 auhuman
889 4101 957 4149 tate
978 4099 1048 4149 ΕΑΒ.
1083 4101 1125 4153 32.
1148 4101 1256 4162 Hediae]
1280 4100 1350 4148 ttae.
1373 4101 1457 4149 Heliae
1474 4105 1524 4152 Fu.

546 4170 588 4216 83.
620 4175 746 4230 patronam
762 4169 794 4218 R.
