3440 4992
1267 458 1492 474 ——n—-n

240 522 243 528 ¹
260 539 344 598 cuius
360 551 463 591 curam
478 538 599 607 egerat,
617 527 723 596 veliet,
740 533 804 581 tum
815 521 975 595 Eumolpus
989 515 1123 575 affistens
1137 515 1244 572 Flavio
1301 505 1388 556 vellete
1406 511 1457 552 tum

261 633 416 705 Archippo
436 629 516 684 dixit
537 622 715 699 exigendam
734 617 793 674 esse
809 635 826 671 a
844 616 945 672 Dione
963 616 1112 672 rationem
1127 611 1243 684 operis,

262 737 420 800 antequam
438 719 636 793 reipublicae
653 715 841 780 traderetur,
867 709 946 786 quod
969 709 1057 764 aliter
1077 703 1195 762 iecisset·
1211 721 1244 759 ac

261 817 418 878 debuisset.
469 815 592 871 Adiecit
625 810 716 864 etiam
747 804 804 862 esse
836 807 868 860 in
899 803 973 858 aede
1006 799 1133 874 positam
1164 807 1244 852 tuam
1269 800 1293 847 in
1312 803 1399 848 eodem
1417 815 1497 862 opere

234 916 386 974 ostatuam
410 919 441 966 et
467 925 596 983 corpora
623 902 820 976 sepultorum,
849 899 955 954 uxoris
980 895 1092 951 Dionis
1114 902 1145 948 et
1170 890 1243 946 iiiii:
1328 871 1436 932 P⁰f¹¹⁸¹²

161 1061 163 1065 .
263 1009 497 1086 postulavitque,
519 1013 554 1060 nt
576 997 783 1076 cognoscerem
803 1011 858 1068 pro
879 988 1033 1046 tribunali.
1072 984 1159 1056 Quod
1179 1000 1245 1039 cum
1278 1041 1279 1050 ἵ

263 1121 318 1179 ego
339 1118 386 1156 me
403 1101 541 1174 protinus
559 1097 705 1152 iacturum
726 1091 943 1160 dilaturumque
962 1081 1179 1156 prosectionem
1197 1077 1245 1130 di·

233 1223 238 1240 ·
262 1194 386 1260 xilsem;
404 1203 438 1248 ut
455 1192 620 1268 longiorem
641 1187 720 1241 diem
738 1184 775 1238 ad
793 1178 995 1238 instruendam
1012 1172 1127 1231 calisam
1145 1171 1246 1225 darem

204 1308 207 1316 ·
263 1298 354 1363 utque
371 1289 404 1342 in
421 1285 480 1340 alie
500 1285 623 1340 civitate
640 1275 862 1356 cognoscerem,
881 1273 979 1347 petiit.
1014 1268 1079 1346 Ego
1096 1283 1144 1322 me
1160 1264 1246 1320 audi·

220 1372 251 1445 lo
263 1391 361 1437 turum
376 1382 503 1436 Nicaeae
515 1374 666 1449 respondi.
703 1371 763 1428 Ubi
778 1387 846 1424 cum
857 1361 1052 1424 consedissem
1064 1361 1246 1436 cogniturus,
1273 1346 1381 1394 Ubicum
1391 1347 1498 1394 sedidem

264 1473 343 1528 idem
363 1470 523 1543 Eumolpus
543 1478 694 1541 tamquam
713 1463 738 1520 ii
755 1464 850 1519 adhuc
867 1477 972 1534 param
992 1453 1153 1512 instructus
1171 1449 1248 1506 disa—
1274 1445 1397 1502 “mlum
1420 1440 1500 1487 *dhus

264 1569 377 1621 tionem
389 1574 492 1637 petere
507 1563 625 1634 coepit:
644 1567 750 1616 contra
762 1557 861 1624 Dion,
879 1563 913 1609 ut
927 1551 1096 1616 audiretur,
1116 1548 1245 1622 exigere.

267 1661 357 1716 Dicta
380 1657 447 1712 sunt
470 1657 610 1729 utrinque
636 1652 743 1720 multa,
773 1651 863 1705 etiam
888 1647 927 1702 de
952 1642 1048 1702 cause.
1092 1639 1158 1716 Ego
1181 1658 1247 1696 cum

264 1745 591 1808 dandam'dilationem
611 1755 642 1802 et
665 1761 693 1800 ae
716 1741 926 1804 consulendum
946 1736 1146 1812 existimarem
1165 1735 1197 1790 ia
1214 1750 1247 1788 re
1327 1719 1400 1780 Atat
1415 1728 1448 1770 1⁰·

223 1847 303 1904 lead
327 1845 493 1918 exemplum
511 1841 694 1916 pertinenti,
717 1839 782 1894 dixi
800 1837 917 1910 utrique
941 1832 1034 1906 parti,
1059 1838 1093 1886 ut
1116 1825 1247 1903 postula·
1425 1831 1430 1842 '

156 2000 173 2008 ff
266 1941 380 1994 tionum
393 1937 514 1992 suarium
530 1934 645 1990 libellos
662 1934 781 1992 darent.
815 1927 967 1984 Volebam
981 1925 1060 1982 enim
1074 1932 1103 1978 te
1118 1918 1248 1995 ipsorum

266 2031 445 2107 potissimum
465 2031 570 2086 verbis
588 2046 640 2093 ea,
665 2043 740 2100 quae
762 2032 849 2079 erant
864 2018 1035 2096 proposita,
1059 2012 1247 2092 cognoscere.

254 2125 306 2182 -Et
319 2126 401 2182 Dion
416 2125 535 2198 quiidem
546 2121 576 2177 se
590 2119 729 2176 daturum
744 2111 841 2173 dixit:
861 2114 928 2186 [et]
948 2109 1110 2184 Eumolpus
1125 2105 1249 2180 respon-

265 2219 311 2274 dit
340 2219 562 2291 complexurum
585 2214 614 2270 ie
636 2212 755 2280 libello,
787 2227 862 2286 quae
889 2205 1087 2280 reipublicae
1110 2211 1246 2276 peteret:

219 2327 253 2374 eo
266 2323 415 2379 ceterum,
436 2311 516 2386 qood
537 2310 574 2364 ad
592 2305 723 2379 sepultos
741 2303 887 2378 pertinet,
906 2317 968 2355 non
986 2295 1186 2363 accusatorem
1203 2293 1248 2368 se,

265 2403 315 2461 sed
333 2405 511 2462 advocatum
526 2403 548 2458 F
551 2403 623 2458 savii
639 2399 801 2472 Archippi,
821 2397 904 2452 cuius
915 2392 1054 2449 mandata
1068 2389 1249 2464 pertulisset.

265 2500 453 2572 Archippus,
472 2499 520 2554 cui
531 2493 712 2568 Eumolpus,
727 2490 803 2548 licut
814 2473 972 2552 Prusiade,
990 2483 1155 2550 assistebat,
1175 2483 1253 2538 dixit

266 2610 299 2648 se
320 2593 450 2647 libellum
475 2589 622 2644 daturum.
671 2585 718 2640 Ita
741 2602 794 2640 nec
820 2583 984 2656 Eumolpus
1007 2597 1061 2636 nec
1084 2578 1254 2650 Archippus

268 2671 508 2761 quamplurimis
528 2681 633 2736 diebus
654 2678 834 2751 exspectatis
855 2677 951 2731 adhuc
968 2672 1042 2728 mibi
1064 2671 1180 2726 libellos
1199 2669 1253 2722 de-

221 2779 392 2836 rederuutr
421 2778 502 2833 Dion
520 2774 623 2839 dedit,
649 2791 740 2849 quem
757 2773 824 2827 huic
843 2767 984 2844 epistolae
1005 2766 1101 2822 iunxi.
1139 2761 1253 2837 ipsein

266 2887 301 2926 re
322 2871 471 2944 praesenti
490 2869 534 2926 lni
558 2879 589 2924 et
611 2867 676 2924 vidi
699 2876 782 2921 tuam
804 2853 924 2940 duoque
945 2860 1072 2916 statuam
1091 2859 1121 2912 in
1138 2856 1252 2926 biblio·
1323 2871 1335 2883 ’

267 2968 355 3022 theca
371 2962 515 3038 positame
536 2961 567 3017 id
586 2969 699 3030 autem,
716 2963 747 3016 iu
769 2976 829 3035 quo
846 2952 1112 3033 diculuriepulti
1128 2957 1207 3014 lilius
1225 2967 1255 3012 et

339 3226 361 3274 l.
374 3224 495 3286 afflslcae]
513 3223 584 3270 ΟΠ..
599 3222 721 3282 adsistente
735 3222 828 3270 BRAS.
844 3219 964 3280 adsistente
978 3221 1007 3268 Τ.
1038 3220 1063 3267 4.
1076 3222 1101 3266 ia
1118 3219 1189 3282 aede]
1204 3220 1254 3267 Bc.

268 3295 293 3340 in
306 3297 385 3340 amem
398 3295 427 3339 Τ.
444 3295 469 3336 ie
483 3293 562 3338 eodem
579 3305 647 3347 opere
665 3293 748 3340 RASF
749 3293 776 3338 L.
812 3289 837 3338 d.
844 3289 915 3351 filii]
934 3289 1068 3338 BTRASL.
1079 3289 1191 3348 stilorum
1205 3290 1255 3336 CF.

189 3385 192 3390 ¹
268 3363 293 3410 8.
311 3360 483 3422 instruendam]
507 3359 578 3406 BFia.
597 3358 732 3417 struendam
751 3359 802 3407 ΤΟ.
825 3357 988 3418 adstruendam
1010 3357 1081 3405 EAS.
1117 3359 1142 3404 9.
1165 3360 1190 3403 t'n
1207 3359 1256 3404 alia
1301 3379 1305 3388 ⁴

128 3448 132 3459 ·
268 3431 377 3492 ciuitate]
398 3428 469 3476 ΟΠ..
487 3430 512 3473 in
529 3429 602 3472 aliam
617 3431 733 3474 civitatem
751 3429 867 3475 BTRAS.
903 3427 940 3475 lb,
952 3427 1037 3488 petiit]
1059 3427 1090 3474 il,
1109 3427 1183 3489 dequp.
1196 3429 1258 3486 petit

268 3501 341 3548 BTC.
379 3498 418 3544 lo.
441 3497 486 3542 Uet
499 3511 550 3541 eam
566 3495 731 3558 consedissem]
747 3499 797 3544 or.
822 3498 867 3544 Ubi
885 3496 1032 3558 consedlffem
1049 3495 1122 3543 BTG.
1144 3496 1190 3542 Ubi
1206 3510 1257 3541 cun

262 3568 372 3630 sediffem
381 3564 494 3612 RASFL.
522 3565 561 3612 ΙΙ.
570 3564 718 3624 tamquamsr'
729 3566 820 3627 adduc]
833 3566 906 3614 BTG.
924 3571 1042 3627 tamquam
1052 3566 1127 3612 addae
1140 3563 1171 3612 lt.
1184 3566 1256 3626 Seqq.
1325 3579 1331 3590 ¹

270 3639 311 3687 14.
324 3642 347 3682 et
357 3641 378 3682 te
390 3633 493 3693 consui]
508 3634 632 3680 Sebaeieri
643 3633 682 3680 sus
679 3649 704 3694 p.
719 3639 742 3679 et
751 3635 838 3696 consul.
851 3636 912 3682 de.
941 3636 980 3682 lt.
993 3633 1147 3695 cognoscere]
1162 3633 1256 3680 eret„

268 3705 432 3764 recognoscere
447 3703 538 3748 RASF.
576 3703 616 3748 18.
633 3715 682 3749 om.
697 3707 720 3747 et
733 3703 777 3761 G.,
794 3711 821 3752 ut
838 3705 941 3753 volebat
957 3703 1109 3752 dchaeserar.
1145 3703 1187 3749 2⁰.
1201 3717 1258 3762 per-

269 3778 366 3829 tineret,
393 3786 440 3818 nan
461 3785 484 3816 a.
503 3769 531 3830 se
552 3771 612 3830 effe,
633 3769 678 3830 sed
695 3771 819 3821 Schaeieri
840 3775 902 3836 susp.
937 3775 978 3820 22.
998 3775 1037 3818 eal
1055 3773 1183 3830 &melpsa
1193 3771 1259 3832 secat

269 3835 402 3911 Prusiade]
424 3841 473 3887 Oe.
493 3841 543 3888 cfr.
565 3841 613 3900 Ep.
638 3840 727 3886 txvl.
752 3845 790 3888 eal
813 3843 940 3902 Eumolpus
951 3841 1016 3903 sicat
1035 3841 1126 3902 Prusae
1143 3840 1193 3887 cr„
1217 3841 1259 3900 qai

269 3915 385 3971 Eumolpo
400 3909 446 3970 suo
462 3907 577 3968 Prusiade
593 3909 622 3956 B.
636 3909 676 3970 qai
692 3909 819 3969 Euaaolpas
831 3909 894 3970 sarit
911 3912 1027 3973 Prusiade
1039 3911 1069 3960 Τ.
1085 3914 1109 3956 et
1123 3911 1259 3968 Archippus

270 3987 308 4030 cul
319 3983 445 4040 Eremolpue
456 3979 524 4036 prius
539 3978 567 4025 C.
581 3981 619 4024 cui
631 3979 758 4036 samona·
764 3979 828 4036 saerae
842 3979 973 4038 Prusiadae
985 3975 1063 4028 EAS(
1083 3979 1125 4026 84.
1139 3978 1260 4038 exspecta·

271 4045 548 4167 {scffipusm
561 4047 674 4096 naara
704 4047 824 4106 erman
837 4049 877 4111 a]
894 4031 1090 4098 mon-amu,
1104 4045 1159 4110 fle
1175 4049 1223 4096 eae
1236 4051 1260 4094 a
