3440 4992
153 270 156 280 ¹
1235 257 1243 292 l

186 334 223 408 x
1619 423 1623 430 .

189 538 195 558 .
264 495 331 579 Ep.
352 487 532 562 LXXIX.
563 491 700 573 scilicet
729 492 873 564 iudicio'
895 506 957 562 tuo
975 490 1166 575 credidit]
1213 491 1295 560 Com
1325 485 1523 561 hacc'l‘me.

184 585 383 656 distinctione
394 589 546 653 unhibcat
558 600 695 672 utraque
709 588 981 670 editio'pcincepa,
994 585 1106 651 vitiosa
1120 584 1309 652 existimavit
1320 587 1497 653 Catanaons

154 693 157 704 ’
184 693 304 762 atquo,
334 685 427 765 quod·
448 679 631 748 uovissimaa
660 679 754 747 ctiam
784 679 939 748 editiones
966 692 1122 762 occupat,
1151 679 1223 744 inde
1249 680 1402 746 refinxit:
1435 678 1500 750 sed

103 806 106 818 ·
185 769 321 838 iudicio
343 783 404 838 tuo
426 771 585 840 credens.
1258 775 1261 784 ⁸

264 866 330 947 Ep.
352 865 520 929 LXXXI.
573 875 685 931 uncto
707 873 742 931 et
762 853 966 946 infirmior:
1006 863 1071 944 Ep.
1093 863 1280 930 LXXXII.
1302 873 1496 953 erquauw

184 952 408 1058 infirmiores
429 885 572 1037 eructi
600 959 637 1020 lu
659 970 799 1041 utroque
818 960 981 1021 haeserunt
1003 955 1268 1037 interpolatores:
1301 955 1410 1039 utique
1430 955 1496 1020 lino
1578 987 1582 990 ·

182 1052 274 1112 cauta
300 1047 334 1113 iu
361 1047 461 1114 Plinii
490 1049 729 1134 aequaliumquc
755 1047 940 1113 Latinitate.
987 1046 1149 1128 Quocirca
1175 1047 1286 1130 pniotc
1313 1048 1388 1110 loco
1417 1047 1496 1110 loni·

182 1153 333 1225 pectuntt
361 1150 498 1230 quanto
519 1144 569 1219 est
591 1140 807 1225 infirnuor3-
824 1140 1017 1222 posteriore,
1048 1152 1200 1224 quattuor
1219 1139 1328 1204 verbis
1349 1143 1406 1203 sno
1425 1138 1495 1204 iuro

183 1229 308 1298 insertis
330 1241 433 1298 tanto
452 1231 574 1314 mupis
593 1229 721 1300 eadem
740 1233 947 1322 requirent,
969 1232 1153 1296 deleverunt
1173 1243 1217 1298 et.
1251 1275 1253 1283 κ

263 1325 329 1407 Ep.
351 1324 554 1388 LXXXIV.
596 1320 900 1416 Interpretutioui
919 1334 1020 1400 tntae,
1042 1325 1094 1390 mi
1112 1320 1277 1390 Secunde
1293 1322 1493 1408 car-iffimc,

181 1415 264 1482 idem
278 1414 469 1496 existimo]
505 1415 738 1496 „Hellcnismua
753 1439 817 1481 non
833 1415 906 1480 solis
920 1415 1027 1496 po'c'tia
1042 1417 1182 1480 ulitatua.
1208 1415 1287 1479 Vid.
1303 1415 1493 1497 chIingec.

181 1512 223 1574 ad
248 1510 411 1572 Vechncn.
432 1508 594 1574 Hellenol.
621 1508 775 1594 p.297.“
808 1511 994 1573 Scuunnna.
1042 1510 1105 1574 Sed
1129 1507 1210 1571 istud
1239 1506 1335 1574 idem
1361 1511 1495 1571 debetur
1599 1578 1604 1586 ⁴

181 1599 479 1682 interpolatoribus,
492 1599 548 1684 qui
562 1603 644 1664 haud
658 1621 756 1683 pauca
772 1601 936 1675 eiusmodi,
950 1623 1050 1683 prava
1065 1613 1096 1665 ct
1110 1601 1164 1665 vix
1177 1599 1292 1664 Latina
1307 1599 1339 1661 iu
1354 1599 1494 1662 Plinium

180 1693 407 1769 inculcarunt.
418 1693 517 1758 veluti
533 1695 599 1778 Ep.
616 1697 699 1759 LXt-
713 1692 971 1760 iusiurandum
981 1696 1179 1783 praestare
1194 1707 1225 1758 ct
1238 1690 1398 1758 horribile
1416 1691 1495 1755 illud

181 1788 248 1868 Ep.
272 1783 420 1849 CXXII.
448 1787 551 1863 usum
578 1807 704 1854 corum
726 1787 970 1868 (diplomatum)
994 1785 1184 1850 intentioni
1207 1803 1279 1850 non
1298 1783 1493 1874 profuiffc,

180 1881 285 1963 quod,
313 1877 370 1942 etii
389 1875 568 1942 Plinianum
596 1881 656 1943 elle
682 1882 753 1960 poit
773 1877 924 1942 Aldiuum
952 1877 1125 1950 editorem,
1152 1875 1204 1938 cui
1224 1877 1375 1949 debetur,
1402 1897 1493 1938 nemo

180 1969 388 2044 addubitavit,
399 1968 602 2034 nihilominus
613 1970 645 2036 iu
656 1970 777 2035 Lexica
788 1991 852 2035 non
866 1971 1055 2034 ncttuletunt
1069 1967 1227 2051 haesitque
1239 1989 1318 2031 nnus
1329 1967 1494 2030 Enncltius

180 2062 214 2127 in
234 2063 371 2128 folocoo.
385 2061 441 2124 illo
459 2062 636 2153 profuiffc
654 2085 715 2145 pto
732 2062 972 2156 profuturum
985 2060 1104 2139 fuiffe.
1134 2063 1266 2148 ¹Nolito
1292 2072 1393 2124 autem
1417 2059 1493 2124 loco

179 2159 251 2238 pult
270 2154 698 2237 lyllabaafimestmilitcr
720 2156 844 2219 videtur
864 2156 1026 2219 excidiffe.

237 2249 324 2330 ·Ep.
346 2247 534 2312 LXXXV.
575 2244 721 2314 Adiecit
740 2247 852 2312 etiam
875 2249 941 2324 effe
963 2247 1002 2311 iu
1022 2242 1109 2310 aedo
1124 2245 1282 2333 podiam
1301 2255 1404 2310 tuam
1416 2245 1494 2322 sta·

104 2369 110 2383 ·
179 2350 285 2406 tuam
305 2349 341 2406 ei
355 2358 512 2430 corpora
524 2335 772 2426 sepultorum]
813 2338 990 2409 Invidiolac
1008 2337 1081 2398 huic
1099 2335 1323 2399 iolimulationi
1341 2334 1493 2414 Eumolpi
1578 2333 1581 2339 ’
1613 2398 1619 2402 ,

62 2453 67 2459 ·
179 2442 386 2513 opponuntur
405 2430 484 2502 illu:
516 2428 714 2496 nidi'tuam
735 2450 907 2520 quoquc
923 2433 1090 2507 statuam
1109 2427 1147 2493 in
1168 2423 1387 2492 bibliotheca
1408 2437 1491 2501 (non

155 2523 212 2588 ·in
238 2522 373 2598 tacetto)
399 2522 559 2611 ptfitam
587 2533 649 2586 cet.
697 2522 837 2587 Pellimo
868 2521 967 2604 igitur
997 2521 1129 2586 consilio
1160 2518 1417 2602 interpolarnntc
1453 2519 1492 2582 in

179 2613 303 2682 codem
322 2633 441 2705 opere.
739 2655 745 2687 a
817 2671 821 2680 ,

183 2741 186 2746 -
257 2704 344 2788 Ibid.
371 2715 563 2794 tamquam
576 2704 614 2780 st
639 2700 761 2770 adhuc
776 2725 917 2794 parum
938 2702 1152 2785 instructus]
1180 2703 1279 2770 Plinii
1294 2715 1404 2773 aetate
1427 2705 1492 2765 hoc

178 2799 312 2864 tolerati
333 2801 419 2877 polle
440 2819 531 2873 reor,
553 2796 644 2862 ctiam
665 2798 729 2860 linc
746 2799 865 2872 verbo,
885 2817 986 2880 neque
1007 2801 1086 2861 adeo
1108 2820 1178 2860 cum
1199 2797 1287 2860 Aldo
1308 2811 1340 2860 ct
1358 2800 1490 2880 sequen-

180 2891 266 2956 tibus
287 2891 491 2954 inducendam
513 2889 698 2968 particulam
709 2889 760 2964 st.
820 2883 822 2890 '

258 2983 323 3064 Ep.
344 2982 549 3046 LXXXVI.
578 3002 661 3046 cum
683 2991 717 3046 et
738 2975 880 3044 utilitas
898 2977 976 3045 eius
996 2977 1145 3062 eociqot]
1180 2977 1234 3042 Sic
1252 2979 1317 3044 Ed.
1338 2979 1490 3050 Bonon.;

180 3071 275 3159 eius,
296 3073 329 3137 id
344 3077 406 3148 est,
428 3071 551 3154 operis,
572 3072 786 3136 bibliothecae
799 3071 830 3133 in
844 3069 967 3151 primia.
1012 3069 1091 3134 Cum
1107 3073 1138 3135 in
1154 3073 1217 3135 Ed.
1233 3073 1284 3134 Io.
1300 3073 1338 3134 de
1354 3071 1490 3136 Tridino

179 3164 349 3248 irreplillet
369 3186 464 3230 erton
476 3163 745 3248 typographum,
767 3162 942 3227 Catanacus
963 3161 1049 3226 dedit
1069 3161 1212 3231 utililas
1228 3159 1491 3252 reipublicae,

179 3257 284 3322 Aldus
305 3280 374 3322 cum
395 3255 518 3320 asseclis
535 3253 679 3324 utilitas
695 3253 867 3322 ciuitatis.
909 3253 1011 3318 Simili
1027 3260 1156 3336 proclus
1173 3261 1243 3320 calu
1259 3257 1324 3334 Ep.
1340 3252 1490 3318 XCVII.

179 3370 220 3414 ex
241 3348 493 3432 iq'norantiam
513 3359 685 3416 excutere
703 3348 822 3412 factum
844 3349 889 3412 est
909 3345 1161 3430 iquorantinm
1180 3345 1381 3433 instruere,
1404 3349 1492 3431 quod

180 3445 251 3505 iane
273 3438 438 3505 Latinitati
458 3453 644 3524 repugnat.¹
1306 3438 1308 3449 ’

258 3535 323 3616 Ep.
346 3535 551 3598 LXXXIX.
581 3542 803 3623 aeternaque
819 3526 926 3596 laudo
933 3529 1133 3610 florentem
1149 3528 1296 3596 uirtutis
1315 3539 1400 3595 tuac
1415 3526 1454 3612 pl
1475 3567 1490 3580 -

180 3623 282 3692 riam
314 3621 507 3694 incolumis
539 3635 574 3692 et
599 3623 717 3700 fortis
751 3621 838 3688 aliis
858 3616 976 3708 staper
1011 3617 1096 3687 aliis
1129 3619 1297 3710 operibus
1330 3619 1488 3702 auqeas]
1595 3637 1597 3644 ·

179 3717 308 3783 Retinui
328 3719 409 3780 hanc
430 3715 594 3782 Schaeseti
613 3715 781 3780 lectionem
802 3736 843 3778 cx
864 3711 1065 3776 Frobeniaoa
1087 3713 1160 3776 anui
1180 3713 1360 3776 M.D.LII.
1383 3723 1417 3776 et
1437 3712 1491 3774 in-

179 3806 330 3876 columis
345 3812 483 3885 ductam,
498 3811 570 3895 quia
584 3806 676 3872 nimis
690 3808 794 3870 luxata
809 3807 976 3870 videbatui·
989 3804 1101 3886 prior:
1126 3841 1161 3856 -
1183 3800 1361 3888 pluriam,
1379 3821 1492 3891 quum

180 3897 372 3967 incolumis
395 3938 430 3952 -
453 3937 488 3952 -
508 3935 547 3948 —
568 3897 738 3984 auqebis:
764 3911 842 3980 puto
868 3917 982 3989 quam
1001 3911 1105 3960 ortam
1127 3899 1188 3960 effe
1212 3917 1253 3959 ex
1278 3893 1489 3979 geminatione

180 3991 355 4060 litterarum
377 3991 469 4074 ium,
490 3991 586 4074 cique
603 3993 735 4058 vocbum
755 3991 1025 4054 accommodatum
1046 3991 1119 4052 eise.

184 4122 211 4170 ,p
260 4087 324 4166 Ep.
346 4083 495 4148 XCVII.
518 4079 715 4172 rurfitsque
737 4079 788 4146 ad
807 4077 1026 4171 capiendum
1048 4075 1185 4158 cibum]
1220 4077 1338 4158 Supple
1357 4099 1375 4141 c
1393 4099 1489 4160 prae·

181 4175 383 4242 cedentibus:
407 4178 600 4257 ‚melosque
615 4179 711 4240 essent
725 4171 811 4236 soliti
826 4175 936 4236 codam
951 4175 1031 4235 stato
1049 4169 1100 4231 dic
1114 4169 1287 4232 convenire
1304 4173 1344 4232 ad
1361 4171 1488 4253 capion·

183 4272 255 4330 dum
279 4267 428 4342 cibnm;“
450 4269 536 4353 qnod
550 4287 620 4328 cum
633 4287 697 4330 non
718 4265 1020 4340 animadventccent,
1045 4259 1264 4328 inculcarunt:
1294 4260 1489 4354 rursusque
1538 4311 1545 4317 -

184 4360 320 4427 coiundi
345 4357 398 4428 ad
417 4354 635 4450 'capiendum
654 4357 784 4424 cibum.
