3440 4992
550 515 597 572 vel
619 525 792 591 auguratum
816 513 862 569 vel
883 493 1138 586 septemviraturn,
1164 514 1233 590 quia
1254 524 1376 590 vacant,
1401 512 1530 571 adiicere

550 610 599 667 dia
582 609 698 686 goeris,
726 617 760 664 ιιι
776 609 841 666 iure
859 602 1018 664 sacerdotii
1040 607 1161 682 precari
1181 606 1253 664 deos
1274 623 1332 683 pro
1355 617 1386 664 te
1410 605 1529 683 publice

549 702 673 781 possim,
692 719 768 778 quos
785 719 865 758 nunc
883 719 993 776 precor
1010 701 1118 776 pietate
1137 702 1266 776 privatd.

704 817 749 864 1x.
784 817 812 866 O.
831 815 962 864 PLINIUS
980 815 1135 864 TRAIANO
1153 815 1377 864 IMPERATORI.

520 920 536 976 5
599 905 756 964 Victoriae
773 916 857 972 tuae,
877 907 986 980 optime
1005 905 1188 980 Imperator,
1207 907 1372 972 maximae,
1391 905 1530 980 pulcher-

549 1003 657 1068 rimae,
686 999 904 1076 antiquissimae
926 1010 955 1056 et
971 1010 1024 1056 tuo
1041 1001 1162 1056 nominc
1182 1011 1212 1056 et
1233 1001 1279 1056 rei
1301 1000 1437 1076 publicae
1460 1021 1530 1078 gra-

546 1095 627 1154 tulor
646 1094 776 1170 deosque
798 1093 980 1150 immortales
998 1112 1123 1169 precor,
1149 1104 1182 1150 ut
1206 1112 1310 1150 omnes
1330 1096 1528 1172 cogitationes

547 1201 614 1246 tuas
641 1200 703 1246 tam
726 1189 822 1244 laetus
851 1187 990 1264 sequatur
1017 1199 1165 1257 eventus,
1191 1199 1225 1246 ut
1250 1188 1412 1248 virtutibus
1437 1189 1529 1244 tantis

547 1284 670 1361 gloria
661 1284 780 1359 imperii
798 1292 828 1338 et
845 1293 972 1338 novetur
990 1292 1020 1338 et
1037 1293 1192 1355 augeatur.

502 1412 537 1466 10
706 1398 738 1446 Χ.
773 1398 802 1446 G.
819 1397 952 1444 PLINIUS
969 1396 1124 1444 TRAIANO
1142 1397 1366 1446 IMPERATORI.

600 1486 747 1546 Servilius
774 1486 893 1544 Pudens
922 1485 1057 1563 legatus,
1089 1485 1239 1556 Domine,
1270 1487 1354 1545 VIII.
1378 1485 1527 1543 Kalendas

547 1582 728 1642 Decembres
742 1580 950 1638 Nicomediam
962 1583 1045 1638 venit
1056 1597 1162 1660 meque
1178 1581 1286 1658 longae
1299 1578 1615 1676 exspectationis

546 1673 745 1732 sollicituditte
762 1673 913 1737 liberavit.

700 1790 745 1838 xl.
780 1791 809 1839 C.
827 1790 959 1838 PLINIUS
977 1790 1131 1838 TRAIANO
1149 1788 1372 1838 IMPERATORI.

503 1891 535 1947 15
597 1877 758 1938 Rosiauum
776 1877 954 1945 Geminum,
979 1877 1123 1947 Domine,
1149 1877 1311 1936 arctissimo
1328 1876 1449 1937 vinculo
1467 1895 1531 1932 me-

430 1957 434 1968 ’
547 1992 615 2036 cum
635 1985 687 2030 tua
711 1973 742 2030 in
766 1991 813 2028 me
838 1969 983 2030 beneficia
1010 1973 1183 2032 iunxerunt.
1219 1965 1320 2029 Habui
1345 1973 1425 2027 enim
1447 1971 1530 2028 illum

546 2065 765 2144 quaestorem
756 2087 789 2126 ιιι
816 2067 989 2136 consulatu,
1018 2068 1078 2124 mei
1106 2066 1215 2129 summe
1242 2063 1529 2132 observantissimum

528 2171 707 2236 expertus:
730 2159 858 2218 Tantam
869 2163 942 2219 mihi
954 2162 1020 2237 post
1032 2161 1217 2220 consulatum
1226 2161 1427 2218 reuerentiam
1439 2177 1528 2235 prae-

544 2255 617 2323 slat,
639 2266 673 2312 ut
692 2254 830 2332 publicae
856 2256 1081 2316 necessitudinis
1107 2257 1235 2332 pignora
1256 2256 1383 2330 privatis
1403 2252 1530 2311 cumulet

499 2346 663 2409 aoofficiis.
700 2345 785 2442 Rogo
810 2367 896 2426 ergo,
921 2360 954 2406 ut
976 2349 1037 2425 ipse
1061 2351 1140 2426 apud
1162 2361 1191 2406 te
1216 2367 1272 2425 pro
1297 2349 1440 2424 dignitate
1464 2349 1529 2408 eius

427 2455 437 2479 ⁰
544 2439 685 2518 precibus
703 2435 778 2500 meis
796 2443 915 2512 savcas,
935 2445 984 2500 cui
1005 2454 1048 2511 et,
1066 2441 1180 2520 liquid
1197 2443 1271 2499 mihi
1289 2441 1403 2507 credis,
1430 2439 1530 2496 indul-

331 2547 375 2599 ιιι.
544 2537 676 2612 gentiam
693 2547 776 2594 tuam
794 2536 889 2596 dabis.
926 2537 1019 2595 Dabit
1036 2537 1096 2614 ipse
1115 2555 1251 2613 operam,
1269 2536 1352 2592 utin
1370 2534 1426 2600 iis,
1453 2550 1528 2609 quae

544 2631 573 2688 ei
590 2630 799 2697 mandaveris,
824 2633 938 2689 maiora
957 2643 1117 2692 mereatur.
1153 2631 1329 2688 Parciorem
1350 2645 1396 2684 me
1415 2628 1447 2684 in
1464 2625 1530 2682 lau-

545 2723 643 2781 dando
661 2725 749 2793 lacit,
776 2728 855 2802 quod
873 2727 959 2802 spero
977 2725 1033 2784 tibi
1055 2737 1085 2784 et
1108 2727 1356 2803 integritatem
1327 2724 1392 2780 eius
1410 2733 1439 2779 et
1456 2739 1529 2797 pro-

416 2829 423 2864 l
499 2817 667 2880 satiatem
684 2831 714 2876 et
732 2819 908 2878 industriam
921 2841 982 2878 non
1002 2821 1095 2878 selum
1113 2837 1150 2876 ex
1168 2821 1232 2876 eius
1250 2791 1431 2882 honoribus,
1453 2831 1529 2890 quos

545 2915 577 2970 in
594 2911 667 2970 urbe
685 2912 739 2970 sub
758 2913 853 2971 oculis
871 2916 931 2971 tuis
949 2914 1049 2991 gessit,
1069 2931 1174 2972 verum
1191 2914 1281 2970 etiam
1298 2929 1335 2967 ex
1353 2907 1527 2965 commilitio

545 3005 603 3077 else
630 3006 820 3066 notissimam.
861 3008 939 3066 Illud
968 3027 1082 3076 unum,
1113 3005 1343 3084 quodpropter
1373 3003 1528 3058 caritatem

545 3101 610 3156 eius
628 3099 761 3158 nondum
778 3104 852 3158 mihi
871 3103 974 3160 videor
993 3103 1061 3160 satis
1080 3102 1166 3178 plene
1184 3097 1301 3165 secisse,
1325 3097 1415 3153 etiam
1439 3103 1527 3172 atque

546 3194 636 3250 etiam
652 3194 749 3252 facio·
768 3206 874 3271 teque,
898 3197 1042 3264 Domine,
1061 3215 1152 3273 rogo,
1171 3195 1299 3272 gaudere
1317 3210 1363 3248 me
1383 3200 1527 3247 exornata

499 3286 792 3363 superseminet
814 3289 975 3367 dignitate,
1003 3289 1115 3358 idest,
1143 3287 1302 3366 perillum
1327 3303 1411 3356 mea,
1439 3302 1527 3362 quiam

545 3381 737 3439 maturiffime
757 3383 842 3444 velis.

692 3497 753 3546 IIII.
788 3499 816 3548 O.
835 3499 967 3548 PLINIUS
985 3497 1138 3547 TRAIANO
1155 3494 1378 3547 IMPERATORI.

598 3583 729 3660 Difficile
746 3587 802 3656 est,
821 3589 965 3655 Domine,
984 3589 1153 3662 exprimere
1166 3583 1284 3653 verbis,
1303 3595 1444 3660 quantam
1456 3598 1527 3656 per-

280 3687 306 3734 ιιι
323 3688 356 3733 ad
373 3687 446 3736 finam
547 3681 679 3753 ceperim
691 3679 848 3747 laetitiam,
869 3681 950 3758 quod
965 3682 1081 3738 etmihi
1096 3689 1126 3737 et
1139 3680 1237 3738 socrui
1251 3695 1334 3734 meae
1346 3673 1525 3753 praestitisti,

292 3749 433 3873 “fflffi'
500 3778 533 3832 ³5
546 3783 580 3832 ut
596 3769 725 3829 adfinem
744 3776 808 3830 eius
832 3774 966 3832 Caelium
990 3774 1200 3832 Clementem'
1192 3791 1224 3832 ιιι
1243 3773 1321 3830 hanc
1339 3768 1527 3847 provinciam

545 3885 862 3906 m

614 3951 686 3999 VIII.
707 3952 1086 4016 l.aacaat]F1..vacatRAs.
1121 3955 1166 4004 lx.
1183 3954 1209 4002 4.
1231 3909 1365 4014 mbrimoa]
1389 3952 1454 4000 SFL.
1469 3965 1527 4000 aaa·

545 4022 608 4066 asma
621 4021 675 4068 RA.
701 4021 746 4068 ΧΙ.
762 4023 802 4070 19.
820 4029 889 4070 usn
877 4025 1013 4086 wemalet]
1030 4027 1079 4073 FL.
1097 4030 1140 4072 es·
1150 4023 1356 4072 ..canonistas
1382 4021 1424 4068 20.
1440 4019 1486 4082 spfi
1477 4021 1527 4068 t.F

546 4089 1526 4155 22.=aJA.tottsFL.ee.aaoraata]e'1..eaeoraata1tnusoma]

546 4155 619 4204 AFL.
641 4174 716 4207 mecm
734 4159 780 4208 RS.
815 4161 875 4208 ΧΙΙ.
897 4162 939 4212 35.
961 4163 1061 4224 adfinem
1083 4163 1199 4226 eiusJB.
1221 4161 1343 4221 adfinem
1365 4161 1413 4210 astla
1433 4159 1527 4210 TRAS

545 4226 662 4286 adfinem
678 4229 806 4290 masticina
823 4231 895 4280 OFL.
