3440 4992
163 311 167 314 ’
222 359 255 418 ν

207 509 341 594 scriptae
358 509 390 576 in
407 510 563 576 brevitate
579 509 759 590 Laconica,
780 533 860 596 quae
878 505 917 576 in'
928 511 1092 594 epistolieo
1111 515 1294 578 charactere
1311 515 1395 580 haud
1409 536 1519 597 parum

206 606 303 670 habet
319 603 596 668 concinnitudinis.
638 607 704 668 Has
720 601 866 688 proxime
884 605 1080 690 recognovi,
1101 605 1352 690 emaculatasque
1369 627 1429 672 una
1448 630 1519 671 cum

206 693 410 776 Panegyrico
431 694 653 776 imprimendas
675 695 748 760 dedi
770 697 944 764 Benedicto
969 695 1147 778 impressori
1169 694 1432 784 bibliopolaeque
1454 701 1519 765 ele·

207 787 398 872 gantissimo.
441 786 655 870 Quicquidid
674 791 735 864 est,
757 789 880 853 Lector
898 786 976 852 boni
998 788 1138 852 consule.

103 878 108 889 '
284 877 396 942 Altera
416 879 447 956 ¹⁶)
476 892 583 942 curata
604 881 649 942 'est
675 881 715 942 ab
737 879 898 955 Avantio,
920 877 975 962 qui
999 883 1080 943 hane
1101 878 1262 960 epistolam
1286 881 1468 964 praemisit:

285 969 431 1034 Colendo
453 969 595 1033 virorum
615 969 754 1054 principi
775 965 942 1036 Bernardo
966 973 1089 1035 Bembo
1109 971 1289 1038 Clarissimo
1311 972 1411 1058 equiti
1427 996 1519 1058 prae·

204 1058 384 1126 stantissiruo
406 1061 546 1126 Ductori
567 1075 598 1126 et
618 1075 728 1146 optato
754 1065 901 1127 Veronae
921 1062 1077 1144 praetori.

281 1155 496 1234 Hieronymus
517 1155 660 1218 av'aulius
680 1154 1123 1218 Veronensis'snelleitatem.
1212 1159 1213 1164 ’

282 1245 373 1310 Petri
396 1245 535 1310 Leandri
555 1245 704 1310 industria
726 1267 765 1308 ex
786 1247 889 1310 Gallia
909 1245 1008 1310 Plinii
1033 1245 1167 1310 iunioris
1194 1251 1232 1310 ad
1256 1246 1428 1312 Traianum
1450 1247 1517 1330 epi·

202 1339 297 1402 stolas
321 1337 396 1400 licet
420 1359 544 1402 mancas
567 1342 816 1422 depravatasque
837 1337 1022 1400 habuimus:
1051 1354 1128 1421 qrras
1149 1361 1210 1420 pro
1233 1336 1318 1403 virili
1339 1363 1405 1404 mea
1426 1341 1517 1402 casti-

203 1443 292 1513 gatas
313 1428 530 1512 impressorum
554 1430 710 1493 beneficio
732 1430 914 1495 emittendas
939 1429 1131 1493 censuimus:
1160 1429 1368 1496 studiosorum
1393 1433 1517 1518 quidem

203 1519 332 1587 utilitati
350 1532 384 1584 et
402 1519 502 1586 Plinii
523 1519 670 1604 dignitati
687 1524 740 1584 sed
760 1535 815 1585 tuo
839 1521 984 1602 inprimis
1010 1521 1163 1586 desiderio
1187 1524 1395 1588 consulentes.
1436 1527 1516 1588 Has.

201 1637 234 1680 n.
263 1635 347 1677 ames
372 1615 492 1686 neeesse
516 1616 586 1678 est:-
606 1635 676 1676 eum
703 1614 829 1678 secundi
852 1613 1001 1694 epistolas
1026 1613 1070 1677 sie
1098 1615 1246 1700 affingas:
1283 1627 1318 1678 ut
1348 1613 1517 1680 emuleris:
1626 1653 1630 1658 ·

201 1706 277 1791 quin
304 1727 383 1770 unus
412 1703 531 1768 videris
552 1721 661 1768 eorum
682 1705 819 1770 sensibus
847 1705 919 1768 satis
939 1706 1046 1769 secere
1073 1709 1183 1788 posse:
1222 1706 1277 1790 qui
1302 1729 1318 1770 a
1348 1708 1518 1772 Ciceronis

200 1802 256 1878 (ut
277 1797 321 1862 ita
342 1797 464 1874 dicam)
487 1796 649 1879 profluvio
667 1809 698 1860 et
718 1801 757 1859 ab
779 1799 870 1861 huius
892 1797 991 1863 Plinii
1012 1798 1170 1861 brevitate
1191 1819 1290 1880 aeque
1308 1799 1530 1862 abhorreant·v

199 1890 359 1955 Marinus.
375 1911 414 1954 n.
438 1903 565 1954 sanutus
585 1889 807 1978 integerrimus
828 1889 980 1953 Veronae
1002 1892 1150 1969 quaestor
1170 1902 1201 1954 et
1218 1890 1351 1960 eiusdem
1374 1911 1519 1954 commo·-

199 1987 311 2050 dorum
342 1980 629 2062 appetentissimus:
660 1982 805 2066 idemque
832 1979 1061 2063 praestantibus
1087 1979 1165 2043 viris
1196 1980 1346 2044 omnibus
1368 1984 1423 2044 sed
1457 1979 1518 2046 tibi

199 2074 342 2156 inprimis
358 2071 527 2156 plurimum
546 2073 689 2138 addictus
706 2073 782 2136 mihi
798 2071 1048 2154 nuperostendit
1063 2083 1146 2135 tuam
1167 2077 1211 2134 ad
1224 2073 1359 2159 Dantem
1376 2065 1517 2137 nostrum

199 2167 398 2234 cultissimum
420 2179 546 2246 poetam
568 2164 730 2245 epistolam
751 2169 876 2228 doctam
903 2163 1088 2246 (luppiter)
1112 2177 1144 2227 et
1160 2167 1240 2228 bene
1261 2165 1425 2230 eruditam.
1467 2165 1517 2228 lta

197 2261 301 2340 probe
327 2257 433 2320 rivam
459 2256 509 2320 vir
530 2255 714 2320 clarissime:
743 2269 777 2320 ut
802 2257 833 2318 in
855 2279 895 2321 eo
917 2255 989 2319 stilo
1014 2255 1058 2317 nil
1081 2256 1185 2337 aptius
1205 2257 1251 2320 nil
1272 2257 1445 2343 elegantius
1470 2257 1517 2320 nil

198 2351 299 2434 magis
324 2352 474 2412 decorum
496 2347 613 2410 obtulit
637 2362 722 2414 aete:
745 2352 866 2412 nostra.
907 2349 974 2411 Iam
992 2355 1140 2410 'exactum
1167 2349 1295 2412 Aurelii
1323 2348 1516 2413 Pisani-ensis

197 2441 346 2506 iudicium
371 2439 465 2504 video
490 2442 679 2522 proboque:
711 2439 859 2526 quicum
888 2436 1049 2521 probitate
1074 2438 1269 2504 Traianum:
1300 2441 1415 2503 hunren
1439 2453 1516 2504 *ante

198 2533 292 2614 (sic)
315 2531 445 2596 Titum:
461 2547 570 2594 amore
585 2532 689 2613 patrio
709 2533 867 2613 Regulum
880 2544 911 2596 te
928 2531 1050 2594 reserre
1070 2529 1263 2594 enunciarit:
1287 2545 1350 2596 tum
1368 2531 1515 2614 ingenuis

198 2625 344 2696 omnibus
356 2624 477 2688 artibus
489 2635 519 2687 te
531 2628 610 2688 adeo
622 2623 744 2704 pollere
756 2623 937 2688 contendit:
954 2622 1028 2685 utin
1041 2623 1203 2707 questione
1213 2623 1430 2707 relinquatur:
1448 2646 1514 2708 quo

197 2741 268 2783 nant
285 2716 394 2800 scripti
411 2737 527 2801 genere
540 2715 676 2779 maxime
691 2719 839 2798 praestes.
882 2717 988 2795 Quare
1005 2709 1062 2778 liis
1079 2729 1110 2780 et
1127 2715 1273 2780 litteratis
1290 2719 1333 2778 eli
1351 2717 1514 2801 gratulan-

198 2815 283 2874 dum.
316 2811 367 2890 Qri
381 2811 445 2872 hoe
456 2821 598 2892 tempore
611 2807 735 2872 minime
748 2809 846 2872 desint
857 2807 919 2870 viri
927 2801 1106 2890 principes:
1121 2807 1177 2888 qni
1189 2821 1220 2870 et
1230 2808 1511 2889 philosophentur:

197 2916 229 2966 et
250 2901 511 2984 philosophorum
529 2901 755 2976 consuetudine
776 2900 989 2964 oblectentur.
1032 2901 1095 2965 Sed
1114 2898 1288 2981 conprimis
1309 2899 1515 2964 Veronenses

199 2998 326 3058 nostros
350 2994 541 3066 beatissimos
567 2992 574 3074 Ι
594 2995 626 3057 Α
644 2993 673 3057 ἰί
692 2991 699 3075 Ι
728 2997 853 3056 censeo.
895 2992 979 3072 Quid
1002 2991 1085 3055 enim
1109 3013 1167 3074 per
1189 2995 1280 3055 deum
1303 2990 1515 3057 immortalem

1591 397 1618 434 ‘N

199 3087 281 3150 ultra
298 3090 423 3170 sperare
441 3089 576 3150 debeant
591 3085 677 3150 cives
693 3084 792 3149 nostri
809 3084 1024 3148 doctrinarum
1045 3081 1261 3146 amantissimi:
1285 3095 1316 3148 te
1334 3098 1515 3165 praetorem
1602 3163 1609 3178 θ

198 3179 283 3244 nacti
304 3179 459 3262 optimum
478 3177 686 3242 doctissimum
704 3188 736 3241 et
756 3181 923 3241 doctorum
941 3174 1103 3240 hominum
1119 3174 1394 3239 nunioummum?
1414 3174 1515 3239 Cuius

200 3269 379 3338 comitatem
409 3271 627 3335 dexteritatem
657 3269 856 3352 prudentiam
880 3267 1027 3333 iustitiam
1049 3279 1083 3330 et
1106 3265 1294 3349 religionem
1324 3287 1388 3331 non
1418 3270 1515 3332 modo

198 3363 402 3428 serr-arienses
424 3366 683 3447 Ravennatesque
702 3373 925 3444 cognoverunt
946 3381 984 3423 ec
1005 3357 1147 3422 venerati
1167 3363 1249 3423 sunt.
1290 3359 1413 3424 Verum
1434 3357 1516 3422 libe-

200 3456 355 3521 ralitatem
371 3455 518 3539 pietatem
539 3468 573 3519 et
590 3453 730 3540 reliquas
750 3453 783 3518 in
808 3465 839 3516 te
860 3452 996 3538 insignes
1021 3451 1155 3516 virtutes
1175 3473 1246 3516 eum
1268 3451 1405 3534 optimus
1427 3451 1516 3536 quis·

202 3571 263 3633 que
284 3549 386 3613 colat:
414 3563 479 3614 turn
504 3547 638 3612 maxime
660 3547 853 3612 admirantur
875 3549 1103 3628 decantantque
1128 3541 1339 3609 studiosorum
1366 3543 1513 3627 ingenia:

202 3663 285 3724 quos
307 3638 408 3707 indies
434 3661 519 3706 amas
543 3641 687 3702 subleves
711 3637 810 3720 erigis
832 3636 926 3701 sores
948 3650 981 3701 et
1005 3635 1096 3700 unice
1121 3635 1334 3718 amplexaris:
1364 3645 1515 3728 quantum

202 3736 317 3798 debent
332 3731 393 3798 tibi
409 3731 522 3796 Dentis
539 3729 720 3796 Florentini
738 3728 821 3793 vatis
837 3728 965 3794 manes?
987 3727 1070 3794 Cum
1084 3729 1347 3804 unusllavennee
1361 3727 1515 3791 iacentem

89 3853 93 3862 ’
201 3837 389 3909 putremque
408 3822 492 3888 illius
517 3806 669 3888 tumulum
693 3841 873 3886 marmoreo
897 3834 929 3887 et
954 3819 1126 3902 conspicuo
1147 3832 1348 3894 monumento
1372 3815 1515 3882 erexeris

203 3941 241 3982 ac
260 3916 392 3980 mirifice
418 3913 635 3982 decoraveris.
683 3913 821 3988 Accedit
852 3911 1053 3996 amplissimae
1082 3911 1206 3994 gloriae
1234 3926 1306 3994 tuse
1334 3909 1426 3980 Petri
1456 3910 1516 3974 tilii

204 4011 321 4096 Sapie:
340 4007 396 4092 qui
411 4007 551 4091 paternis
568 4005 708 4104 vestigiis
725 4005 890 4072 incedens:
912 4005 973 4072 iam
993 4003 1139 4072 omnibus
1157 4003 1266 4068 studiis
1283 4001 1510 4068 ornatissimus:

271 4172 298 4234 ⁴)
315 4173 390 4223 Plinii
404 4172 511 4222 iunioris
525 4171 699 4220 ed'sresrrnnr
710 4169 821 4233 Epistola
835 4169 877 4218 to.
903 4171 988 4233 Nuper
1002 4173 1164 4233 repertorum
1177 4167 1284 4217 sinam
1298 4166 1427 4228 responsis.
1454 4131 1514 4219 dnn

130 4271 135 4278 ·
202 4243 344 4308 privilegio.
371 4245 395 4289 r'rr
410 4241 480 4302 fiae:
509 4239 637 4302 Epistulae
662 4241 738 4288 Plinii
763 4239 870 4288 iuniori:
892 4239 989 4288 noviter
1011 4243 1124 4301 repertae
1148 4237 1287 4300 muneque
1313 4235 1440 4298 diligentie
1465 4233 1514 4284 ln·
1563 4269 1567 4276 .

203 4313 283 4373 presse
301 4325 346 4373 per
364 4310 483 4360 loannem
499 4311 531 4358 tle
547 4308 649 4358 Tridino
666 4309 729 4358 ιΙΙιι
746 4309 881 4358 ’l'nenlnnrn
898 4321 964 4358 erno
982 4305 1161 4358 insufflationis
1177 4304 1279 4356 neunt.
1295 4305 1331 4355 Μ.
1346 4303 1459 4356 00000.
1477 4299 1512 4351 11.

204 4382 244 4430 die
260 4393 322 4432 vero
339 4379 467 4430 undecim
484 4379 570 4429 neoda
586 4377 639 4426 rtet
656 4383 682 4426 et
698 4391 752 4426 οιπι
770 4377 910 4440 privilegio.
944 4376 970 4425 4.
