3440 4992
635 354 659 388 κ

512 589 1015 706 Ertsromunm
1101 611 1128 634 ’·

391 807 436 885 C.
462 801 637 884 PLINll
668 799 910 881 CAECILII
940 799 1172 882 SECUNDI
1226 823 1227 827 ‘

557 971 698 1035 LIBER
725 969 998 1042 SINGULARIS

288 1116 517 1180 cornutus
546 1113 773 1175 urtsrotas
803 1083 937 1172 carmi
963 1115 1020 1174 An
1052 1115 1270 1186 romanon

400 1213 701 1291 menamoanu
718 1217 926 1296 nurusoou
944 1225 1001 1282 An
1020 1223 1159 1284 rutum

588 1353 590 1360 κ
666 1331 889 1391 nnseousn.

609 1489 935 1516 ,ιι-*ιι

446 1619 468 1669 Ι.
504 1619 533 1668 C·
554 1615 687 1667 PLINIUS
710 1617 864 1666 TRAIANO
885 1614 1107 1664 turmarum.
1202 1671 1204 1680 ,

335 1723 401 1782 Tua
418 1721 538 1801 quidem
554 1723 666 1798 pietas,
690 1721 858 1796 Imperator
881 1718 1077 1786 sanctissime,
1102 1729 1267 1794 optaverat,

283 1829 317 1875 ut
340 1835 430 1896 qnam
447 1813 612 1874 tardissime
633 1813 810 1872 succederes
831 1815 924 1890 patrie
946 1809 998 1870 sed
1020 1813 1062 1870 dii
1085 1811 1267 1868 immortales

282 1909 498 1970 festinaverunt
524 1909 651 1965 virtutes
673 1918 740 1965 tuas
765 1907 802 1964 ad
824 1905 1027 1984 gubernacula
1048 1907 1094 1962 rei
1115 1903 1276 1980 publicae,

284 2023 373 2083 quam
389 2001 579 2078 susceperas,
600 1989 771 2059 admovere.
806 2001 920 2056 Precor
938 2017 1026 2074 ergo,
1044 2009 1078 2055 ut
1095 1999 1151 2056 tibi
1168 2008 1198 2054 et
1213 2015 1266 2072 per

253 2101 311 2156 ote
335 2097 440 2175 generi
462 2093 593 2152 humano
615 2091 759 2168 prospere
780 2094 895 2160 ornnia,
919 2092 949 2150 id
972 2091 1030 2160 est,
1056 2092 1146 2168 digna
1166 2089 1265 2148 seculo

283 2200 335 2245 tuo
354 2189 541 2262 contingant.
558 2225 560 2230 ψ
576 2185 699 2244 Fortem
713 2195 742 2242 te
760 2197 790 2243 et
802 2187 941 2255 hilarem,
959 2183 1127 2261 Imperator
1139 2185 1263 2260 optime,

266 2272 313 2337 'et
329 2281 472 2356 privatim
489 2290 519 2337 et
536 2276 655 2356 publice
673 2276 755 2356 opto.
934 2272 942 2284 “

435 2395 470 2442 ll.
505 2395 533 2444 C.
557 2394 692 2443 PLINIUS
714 2391 868 2444 TRAIANO
891 2391 1112 2456 tmruuarottt.

334 2483 531 2558 Exprimere,
560 2481 708 2550 Domine,
738 2479 840 2540 verbis
862 2499 929 2536 non
956 2480 1090 2558 possum,
1121 2491 1263 2558 quantum

238 2579 269 2626 1⁰
283 2545 355 2636 mihi
380 2575 520 2652 gaudium
548 2575 702 2644 attuleris,
735 2575 815 2650 quod
844 2593 890 2644 me
918 2575 1040 2651 dignum
1065 2574 1174 2650 putasti
1199 2577 1262 2631 iure

240 2689 262 2698 ·
281 2669 373 2726 trium
398 2667 573 2730 liberorum.
609 2667 753 2740 Quamvis
780 2669 859 2724 enim
883 2668 952 2726 lulii
979 2667 1131 2737 Serviani,
1160 2669 1263 2743 optimi

281 2763 340 2849 piri
356 2762 458 2838 tuique
477 2760 682 2828 amantissimi,
706 2759 848 2836 precihus
867 2759 1039 2828 indulseris,
1058 2772 1158 2818 tamen
1175 2761 1264 2816 etiam

1322 1591 1489 1654 tacturas

1290 1707 1291 1710 =
1323 1689 1488 1738 ousunao-

1324 1773 1486 1823 scarnen

1348 1859 1463 1908 mm

280 2873 318 2914 ex
334 2853 481 2930 rescripto
499 2855 639 2929 intellego
655 2853 798 2922 libentius
816 2855 873 2910 hoc
893 2855 921 2910 ei
938 2865 967 2910 te
983 2852 1174 2928 praestitisse,
1195 2855 1263 2928 qnia
1323 2905 1327 2910 .

280 2967 336 3024 pro
358 2967 404 3006 me
424 2947 561 3026 reguhat.
597 2948 710 3006 Videor
732 2967 804 3024 ergo
827 2945 969 3004 summam
993 2947 1056 3004 voti
1078 2948 1137 3004 mei
1159 2945 1264 3004 conse-

236 3045 266 3094 to
280 3050 382 3108 cutus,
406 3059 474 3098 cum
491 3043 570 3098 inter
590 3041 676 3098 initia
698 3039 858 3100 felicissimi
878 3041 1066 3118 principatus
1085 3041 1129 3098 tui
1152 3037 1264 3116 proha-

280 3133 375 3202 veris,
403 3152 450 3190 me
473 3133 512 3192 ad
537 3134 720 3210 peculiarem
746 3133 961 3210 indulgentiam
987 3144 1069 3190 tuam
1094 3135 1263 3209 pertinere:
1345 3143 1348 3152 “

279 3245 373 3302 eoque
392 3228 487 3304 magis
511 3225 624 3284 liberos
647 3214 843 3301 concupisooss
869 3245 944 3304 quos
968 3225 1078 3284 habere
1102 3229 1192 3286 etiam
1213 3227 1263 3285 illo

279 3319 445 3378 tristissimo
466 3319 566 3378 seculo
587 3301 686 3388 uolui,
711 3319 789 3376 sicut
815 3331 901 3395 potes
927 3319 1043 3378 duobus
1065 3323 1263 3378 matrimoniis

279 3415 352 3470 meis
371 3413 504 3472 credere.
541 3411 602 3472 Sed
621 3413 663 3470 dii
679 3413 802 3493 melius,
821 3415 872 3490 qui
890 3417 990 3471 omnia
1006 3417 1123 3489 integra
1136 3413 1263 3474 bonitati

232 3512 345 3564 toruae
366 3505 567 3567 reservarunt,
603 3505 697 3564 Malui
719 3508 776 3564 hoc
800 3508 901 3582 potius
922 3517 1057 3582 tempore
1079 3527 1126 3566 me
1147 3519 1263 3584 patrem

219 3635 223 3646 1
278 3599 359 3670 lieri,
379 3619 438 3676 quo
456 3601 574 3658 suturns
592 3600 686 3682 essem
700 3610 731 3656 et
746 3599 868 3657 securus
887 3611 916 3658 et
933 3601 1016 3659 felix.

425 3715 473 3790 llI.
508 3717 537 3766 C.
560 3715 696 3763 Pilutus
718 3713 871 3764 TRAIANO
893 3716 1115 3766 IMPERATORI.

328 3803 518 3879 indulgentia
534 3803 600 3872 tua,
619 3803 785 3878 Imperator
804 3805 930 3878 optime,
955 3824 1045 3881 quam
1064 3801 1261 3880 plenissimam
1337 3785 1339 3790 ¹

277 3895 433 3972 experior,
458 3897 594 3954 hortatur
616 3913 679 3970 me,
700 3907 737 3953 -ut
757 3897 881 3956 audeam
900 3897 955 3958 tibi
977 3902 1067 3958 etiam
1082 3916 1139 3973 pro
1157 3898 1261 3954 anricis

344 4125 364 4173 1.
396 4127 420 4174 4.
447 4128 512 4174 om..
530 4144 588 4188 aga
614 4131 645 4178 e.
679 4133 721 4178 ιι,
740 4131 780 4180 ιο.
806 4136 911 4180 aaran
931 4135 954 4182 s.
989 4135 1030 4181 eo.
1058 4137 1188 4182 mimae
1210 4137 1260 4185 nvo
1363 4103 1366 4110 ’

275 4197 377 4242 maluere
394 4196 494 4244 Gesneri
512 4205 537 4246 et
555 4199 575 4246 1.
593 4199 626 4246 A.
644 4201 746 4249 Erneslii
765 4202 826 4263 susp.
844 4203 938 4252 Placet.
1011 4238 1020 4245 -
1126 4229 1129 4236 v
