3440 4992
1342 389 1506 472 'te

514 520 581 572 tut.
618 521 793 570 nmmum
807 512 975 576 mimos.

325 626 575 696 Meminerimus,
602 627 721 684 idcirco
742 642 769 682 te
789 630 822 684 in
841 627 934 699 istam
945 630 1146 706 prouinciam
1163 613 1239 702 mis-
1304 627 1451 678 Memlfleffi

249 720 333 797 fitm,
352 723 499 798 quoniam
513 721 608 778 multa
623 721 657 778 in
669 741 704 777 eu
719 723 908 780 emendanda
922 723 1132 800 apparuerint.
1163 725 1239 784 Erit

258 833 358 874 autem
375 817 422 873 uel
437 817 494 872 ltoc
512 816 652 872 manime
666 816 902 886 corrigendqu
915 818 1011 892 quod,
1029 819 1085 896 qui
1099 819 1240 876 damnati

229 911 301 971 5atl
313 929 444 986 poenam
462 923 562 978 eruut,
581 929 641 966 nou
659 909 749 966 modo
767 930 803 966 ea
816 907 887 983 fine
904 923 1045 980 erectore,
1066 927 1096 968 ut
1105 911 1238 987 scribis,

257 1003 384 1062 liberati
392 1003 481 1076 sunit,
491 1001 551 1078 sed
565 1003 660 1060 etiam
681 1003 714 1059 in
732 1003 945 1062 condicionem
959 1005 1127 1080 proborum
1143 1007 1240 1064 mini-

250 1095 390 1172 strorum
416 1097 621 1154 retrahuntur.
663 1097 728 1174 Qui
757 1097 853 1170 igitur
883 1098 968 1154 intra
994 1098 1051 1156 leon
1073 1100 1241 1174 praeimus

258 1192 359 1248 decem
381 1211 478 1248 annos
505 1190 647 1248 damnati
672 1208 726 1246 nec
749 1191 809 1248 ullo
833 1191 943 1249 idoneo
967 1193 1242 1251 auctoreliberoti

251 1283 338 1357 sunt,
356 1285 412 1342 Itos
430 1283 580 1360 oportebit
592 1303 710 1359 poenae
719 1279 796 1357 suae
815 1286 904 1342 reddi
913 1307 923 1340 .-
940 1284 975 1360 fi
995 1288 1049 1362 qui
1065 1287 1241 1360 uetustiores

216 1393 247 1439 lo
259 1379 449 1438 invenientur
468 1395 497 1436 et
508 1377 597 1453 senes
618 1393 689 1434 unte
711 1398 810 1436 antiton
831 1380 1113 1449 decemdumnttti,
1135 1379 1243 1455 distri·

259 1473 386 1531 luamus
411 1472 482 1531 illos
508 1471 542 1528 t'n
564 1492 601 1530 ea
621 1471 811 1545 ministeria,
835 1493 911 1548 quae
928 1475 1092 1548 nonlonge
1109 1493 1241 1542 annena

251 1565 328 1641 sint.
363 1568 466 1626 Solent
483 1565 565 1626 etnim
579 1567 732 1624 eiusmodi
747 1567 791 1627 od
803 1565 969 1635 balineum,
988 1568 1032 1624 ad
1042 1548 1242 1644 purgationes
1271 1575 1274 1580 '

259 1661 451 1729 cloacarum,
471 1661 545 1718 item
562 1661 748 1720 munitiones
765 1657 890 1718 uiarum
906 1675 933 1716 et
951 1661 1090 1732 vicorum
1107 1663 1191 1723 dori.

391 1791 471 1840 XLII.
508 1789 536 1840 G.
557 1791 691 1839 PLINIUS
712 1791 867 1840 TRAIANO
887 1793 1110 1842 lMPEnn‘rom.

217 1913 248 1961 15
312 1902 387 1964 Cium
409 1899 557 1958 diversam
577 1907 693 1974 pentem
709 1896 892 1972 provinciae
914 1895 1120 1964 circumiectu,
1147 1895 1242 1953 Nico·
1299 1877 1301 1883 Ι

260 1999 376 2058 mediae
399 1994 592 2054 vastissimum
613 1989 784 2048 Incendium
803 1988 911 2046 multas
931 1991 1118 2064 privatorum
1137 1989 1244 2046 domos

261 2105 291 2149 et
306 2095 365 2147 duo
379 2091 496 2164 publitee
513 2104 606 2162 opem
623 2102 799 2160 quemquam
814 2084 865 2138 vin
885 2083 1081 2140 interiacente
1097 2081 1243 2142 Gerusian

262 2198 292 2242 et
317 2188 339 2256 Ἰ-
364 2183 444 2240 Ision
473 2179 639 2255 absumpsit.
688 2177 740 2234 Est
769 2187 867 2233 eutem
902 2177 989 2233 latius
1022 2173 1151 2250 sparsum
1181 2179 1245 2250 pti-

262 2299 341 2336 mum
360 2279 505 2334 violentia
523 2276 623 2341 venti,
644 2271 752 2328 deinde
767 2271 877 2328 inentia
896 2273 1062 2339 hominum,
1082 2269 1245 2346 quassatis
1346 2277 1415 2340 quod

216 2381 250 2428 20
265 2371 380 2430 constet
402 2369 514 2431 otiosos
538 2379 568 2424 et
589 2366 756 2423 immobiles
780 2367 857 2422 tenti
878 2365 949 2420 mali
971 2363 1154 2439 spectatores
1174 2381 1244 2436 pec·

263 2465 384 2524 stitisse:
406 2475 436 2520 et
459 2454 570 2538 alioqui
591 2461 687 2516 nullus
705 2458 823 2534 usquam
843 2461 874 2514 in
894 2459 1015 2532 publico
1034 2456 1138 2532 sipho,
1166 2457 1244 2511 nulle

264 2563 366 2628 hnnm,
388 2558 500 2614 nullum
526 2557 654 2638 denique
679 2553 905 2610 instrumentum
933 2550 970 2605 nd
998 2551 1137 2606 incendia
1165 2567 1246 2606 cam-

264 2653 419 2727 pescenda.
455 2651 496 2706 Et
510 2653 581 2706 haec
591 2649 732 2724 quidem,
751 2657 785 2702 ut
800 2649 858 2701 iam
878 2645 1033 2718 praecepi,
1050 2643 1245 2718 parabuntur.

266 2747 331 2813 Tu,
360 2745 508 2811 Domine,
534 2742 662 2816 dispice,
691 2759 729 2795 nn
753 2735 964 2805 instituendum
984 2747 1071 2812 putee
1091 2737 1246 2810 collegium

218 2843 418 2898 terebrarum
433 2839 588 2894 dumtaxat
604 2835 755 2890 hominum
773 2831 829 2889 CI..
861 2831 927 2908 Ego
941 2830 1112 2896 attendam,
1131 2832 1248 2905 nequis

264 2935 320 2992 nisi
337 2935 421 2991 sabec
444 2932 608 3004 recipiatur
631 2947 707 2982 neve
729 2929 794 2983 inte
814 2923 951 2982 concesso
976 2925 1008 2980 in
1032 2923 1113 2980 eliud
1136 2932 1245 2982 utetur.

264 3021 329 3086 Nec
351 3029 410 3086 etit
428 3025 547 3083 dimone
565 3019 715 3080 custodite
733 3031 794 3076 tem
810 3035 932 3094 paucos.

509 3153 603 3202 XLIII.
641 3150 815 3200 TRAIANUS
832 3149 960 3196 PLINIO
979 3149 1003 3196 S.

335 3262 408 3321 Tibi
425 3261 547 3336 quidem
557 3257 721 3331 secundum
738 3254 879 3331 cntempla
898 3251 1101 3330 complurium
1116 3253 1150 3310 in
1166 3272 1251 3310 men-

221 3351 327 3414 eutem
342 3355 425 3417 uertit
442 3351 526 3430 posse
551 3351 709 3425 collegium
721 3349 890 3422 subrorum
912 3347 996 3424 apud
1018 3345 1250 3422 Nicomedenses
1306 3407 1308 3414 .

267 3447 418 3522 constitui.
455 3448 516 3504 Sed
531 3444 761 3504 meminerimus
775 3441 977 3518 prouinciam
994 3439 1086 3513 istam
1108 3456 1137 3496 et
1156 3460 1250 3514 prae-

267 3545 354 3619 cipue
380 3562 432 3598 eac
460 3540 604 3598 ciuitates
630 3536 783 3594 eiusmodi
803 3532 999 3605 suctt'onibus
1026 3531 1082 3604 esse
1108 3548 1249 3592 vexatae.
1301 3526 1333 3574 ⁸¹³
1351 3527 1471 3578 elfflodl

267 3637 470 3716 Quodcunque
491 3653 599 3692 nomen
625 3653 666 3689 eat
688 3649 862 3708 quacunque
885 3626 1171 3722 causapdedcrimus
1190 3625 1251 3697 iis,

335 3897 402 3946 XLI.
415 3897 440 3943 2.
455 3896 627 3942 Meminerimus
639 3893 709 3942 ΗΑΒ.
729 3893 780 3941 cn.
793 3893 840 3954 Ep.
854 3892 948 3940 XLIII.
960 3893 1091 3940 neminem
1104 3890 1153 3938 FL.
1172 3888 1196 3935 4.
1207 3890 1251 3934 iot

268 3971 304 4014 nel
323 3965 476 4014 Rittetthusti
498 3965 609 4026 suspicio.
645 3964 683 4012 lb.
703 3963 781 4024 quod]
806 3963 855 4010 I'L.
876 3976 921 4022 quo
941 3963 1012 4010 RAS.
1048 3963 1072 4007 s.
1086 3958 1250 4020 retrahuntur]

269 4037 363 4084 Schnei.
390 4037 538 4084 retentantur
566 4034 677 4080 Rusti..
721 4033 801 4080 XLII.
828 4031 867 4078 le.
894 4030 963 4089 Iseon
990 4028 1109 4078 Cetnnnei
1138 4027 1250 4088 suspicio.

273 4107 310 4152 tn.
329 4106 401 4166 quot]
420 4104 535 4150 uinum.
555 4103 615 4164 sulp.
634 4104 695 4162 qttotl
710 4102 772 4148 Eud.
808 4101 849 4148 28.
869 4102 901 4148 Et
913 4101 983 4160 iaec]
1001 4099 1074 4146 AFL.
1094 4101 1120 4143 ut
1133 4099 1189 4143 iaec
1204 4097 1250 4142 RS.

270 4175 307 4220 lu.
332 4172 495 4234 parabuntur]
521 4172 616 4219 Schnes.
642 4172 788 4230 parabuntur
814 4170 926 4217 RASFL.
962 4167 1055 4216 XLIII.
1079 4169 1120 4214 29.
1147 4167 1251 4224 complu-

270 4243 347 4305 rium]
364 4245 413 4291 FL.
431 4244 608 4302 cumplurimum
626 4241 696 4288 RAS.
733 4240 774 4286 ³².
792 4237 921 4298 eiusmodi]
940 4237 1031 4286 RnsL.
1049 4237 1078 4284 al
1093 4229 1206 4283 eiusmodi
1221 4233 1250 4280 F.

1172 4415 1317 4436 *-
