3440 4992
248 525 441 584 transferres.
490 523 538 582 Ex
571 524 623 582 illo
649 525 735 581 enim
764 533 794 585 et
823 525 991 584 mensuram
1020 515 1161 586 beneficii
1182 508 1237 588 tui
1253 521 1476 631 W

169 669 175 682 ‚
247 621 367 694 penitus
379 617 537 695 intellego,
556 637 625 674 cum
640 627 701 674 tam
716 617 835 692 plenam
851 617 1067 696 indulgentiam
1082 641 1150 678 cum
1163 634 1224 680 tota
1344 646 1377 688 cr.
1431 637 1464 701 ¹·
1541 666 1543 671 -

248 713 336 769 domo
356 731 421 769 mea
439 713 591 788 experiar3
611 713 660 768 cui
675 712 789 768 referre
807 713 935 788 gratiam
951 732 1055 788 parem
1074 734 1112 772 ue
1129 718 1223 780 audeo

248 807 385 882 quidem:
401 809 536 884 quamuis
552 807 680 864 maximo
700 803 816 880 possim.
851 807 955 882 Itaque
974 807 1011 864 ad
1027 820 1096 866 vota
1118 812 1223 868 consu·
1293 805 1413 858 'unua

218 903 234 952 t
245 903 296 978 gio
315 901 445 978 deosque
465 911 648 976 precor,·ut
667 903 721 970 iis,
742 902 867 978 quaein
887 919 933 960 me
956 899 1067 960 assidue
1086 905 1220 975 coniers,
1465 885 1467 894 ‚

244 1014 307 1052 non
324 995 465 1072 indignus
483 995 640 1052 existimer.

386 1111 459 1160 xm.
495 1112 523 1160 0.
541 1111 672 1159 PLINIUS
690 1111 843 1160 TRAIANO
860 1110 1082 1162 IMPERATORI.

295 1199 422 1276 Scripsit
439 1201 529 1269 mihi,
554 1200 701 1270 Domine,
725 1200 893 1273 Lycormas
913 1197 1038 1258 libertus
1059 1211 1147 1270 tuus,
1170 1213 1219 1270 ut,

242 1277 340 1372 siqua
362 1295 472 1372 legatio
499 1314 516 1350 a
538 1294 672 1371 Bosporo
694 1293 819 1351 venisset
836 1293 941 1351 urbem
960 1297 1106 1370 petitura,
1129 1295 1220 1373 usque

197 1388 229 1436 1⁰
241 1391 273 1447 in
290 1389 453 1456 ¹adventum
475 1388 560 1446 suum
582 1389 773 1475 retineretur.
809 1387 848 1444 Et
865 1388 974 1464 legatio
996 1389 1115 1465 quidem
1135 1389 1220 1448 dum-

239 1493 324 1540 taxat
347 1485 379 1540 in
402 1483 656 1552 commutatam,
686 1486 718 1540 in
748 1501 806 1558 qua
829 1481 890 1558 ipse
914 1481 992 1552 sum,
1019 1483 1100 1540 nulla
1122 1471 1218 1542 adlnuc
1253 1525 1255 1534 ,

240 1579 339 1645 venit;
364 1577 415 1636 sed
441 1580 523 1636 veuit
542 1577 715 1635 tabellarius
742 1575 934 1645 Sauromata,
963 1577 1048 1634 cuius
1074 1595 1129 1653 ego
1149 1577 1218 1636 usus
1319 1593 1392 1643 ouem

240 1673 473 1746 opportunitate,
493 1691 582 1748 quam
598 1673 672 1728 mihi
684 1671 768 1728 casus
781 1669 946 1739 obtulerat,
966 1690 1034 1728 cum
1049 1670 1217 1739 tabellario,
1337 1675 1342 1688 '

239 1767 291 1842 qui
312 1766 494 1840 Lycormam
516 1783 554 1824 ex
574 1767 681 1822 itinere
702 1765 879 1840 praecessit,
904 1765 1080 1822 mittendum
1096 1767 1215 1842 putati,

154 1911 161 1924 ,
194 1868 225 1916 15
237 1871 270 1916 ut
291 1860 388 1936 possea
414 1879 450 1918 ex
468 1860 636 1940 Lycormae
658 1869 743 1918 etex
768 1861 849 1936 regIs
871 1858 1002 1934 epistolis
1025 1861 1139 1935 pariter
1163 1879 1217 1918 co·
1314 1854 1393 1924 Pom·

236 1955 394 2029 gnoscere,
413 1973 488 2031 quae
506 1952 625 2010 fortasse
643 1955 757 2028 pariter
774 1953 849 2010 scire
867 1938 1001 2011 seberes.

376 2069 446 2118 xlv.
480 2069 509 2117 0.
527 2068 659 2116 PLINIUS
677 2066 830 2116 TRAIANO
848 2067 1071 2116 IMPERATORI.

286 2156 353 2214 Rex
384 2155 576 2218 Sauromatas
607 2154 724 2231 scripsit
752 2157 824 2213 mihi
853 2156 911 2214 else
940 2157 1105 2233 quaedam,
1138 2173 1213 2234 quae

235 2247 361 2306 deberes
380 2267 469 2325 quam
487 2249 678 2306 maturissime
697 2251 786 2306 scire:
810 2269 867 2327 qua
890 2269 927 2306 ex
945 2250 1031 2308 cansa
1049 2249 1213 2308 festinatio-

188 2355 305 2403 20nem
328 2341 493 2414 tabellarii,
522 2361 610 2422 quem
633 2343 672 2402 ad
693 2355 723 2402 te
748 2363 816 2402 cum
838 2344 970 2419 epistolia
992 2344 1087 2413 milit,
1114 2343 1213 2420 diplo-

233 2438 312 2497 ma'te
329 2439 442 2499 adiuvi.

379 2555 436 2603 XV.
470 2555 499 2604 C.
516 2554 649 2603 PLINIUS
666 2507 820 2610 TRAIANO
838 2553 1060 2604 IMPERATORI.

283 2642 402 2718 Legata
424 2641 618 2701 Sauromatae
642 2643 742 2732 regia,
770 2661 838 2699 cum
860 2641 910 2699 sua
935 2641 1039 2718 sponte
1060 2645 1208 2724 Nicaeae,
1302 2641 1396 2692 Nicaea

1250 2714 1273 2756 et
1284 2709 1327 2770 sse
1350 2713 1446 2774 ulique

231 2734 352 2794 chime
374 2739 549 2804 inuenerat,
576 2735 669 2794 hiduo
690 2733 877 2804 substitisset,
904 2737 1072 2814 longiorem
1095 2759 1210 2798 moram
1251 2780 1307 2826 ..Μ
1322 2781 1444 2832 Mem·

185 2831 413 2899 resarciendam,
432 2831 574 2897 Domine,
593 2849 655 2886 non
669 2831 786 2906 putavi:
806 2833 950 2906 primum,
971 2831 1051 2908 quod
1062 2833 1210 2890 incertum

231 2925 327 3006 adhuc
354 2935 439 2992 erat,
472 2924 592 3000 quando
620 2924 745 2982 libertus
776 2935 845 2982 tuns
871 2925 1037 2998 Lycormas
1065 2937 1208 2986 venturus

231 3017 319 3087 esset;
347 3019 469 3089 deinde,
491 3019 574 3098 'quod
595 3019 656 3094 ipse
678 3015 891 3094 proficiscebar
914 3021 946 3076 in
969 3018 1115 3078 diversam
1136 3039 1209 3096 pro-

230 3114 348 3170 vinciae
369 3125 503 3189 partem,
527 3110 678 3170 itaofficii
699 3113 870 3170 necessitate
892 3115 1040 3196 exigente.
1076 3116 1208 3182 Haecin

230 3209 456 3270 notitiamtuam
468 3207 646 3282 perferenda
659 3206 838 3274 existimavi,
856 3209 925 3284 quia
937 3209 1073 3283 proxime
1083 3207 1208 3285 scripse·
1296 3203 1309 3232 ’·

184 3310 295 3359 soram
316 3300 419 3376 petisse
444 3301 642 3374 Lycormam,
667 3313 701 3359 ut
725 3301 923 3377 legationem,
954 3301 977 3358 si
1003 3319 1061 3377 qna
1084 3299 1208 3358 venisset

230 3415 246 3451 a
269 3398 424 3470 Bosporo,
450 3413 545 3471 nsque
567 3397 600 3452 in
622 3396 782 3454 adventum
805 3395 889 3454 snum
912 3396 1083 3454 retinerem.
1119 3393 1206 3466 Quod

155 3553 159 3562 ¹
230 3489 341 3546 diutius
354 3489 484 3546 faciendi
497 3489 577 3547 nulla
591 3491 664 3548 mihi
676 3488 843 3567 probabilis
857 3490 936 3548 ratio
950 3487 1095 3556 occurrit;
1116 3505 1206 3564 prac-

296 3713 356 3761 x11.
381 3715 403 3762 ι.
428 3719 489 3764 arm
512 3717 550 3780 a]
572 3717 644 3766 arc.
667 3720 728 3765 arm
751 3719 863 3770 marn.
899 3706 923 3768 t.
947 3723 985 3768 aar
1001 3739 1071 3784 aga.
1088 3721 1116 3772 o.
1134 3724 1206 3771 nin

228 3795 256 3828 aa
273 3785 347 3830 audeo
369 3785 474 3848 quidem]
499 3785 610 3834 Gronov.
632 3788 660 3835 L.
684 3803 726 3834 nec
747 3790 805 3836 adeo
828 3805 851 3850 p.
874 3789 903 3836 B.
926 3805 967 3837 nec
983 3795 1056 3840 audeo
1073 3809 1096 3854 q.
1114 3793 1206 3841 nist.

228 3865 274 3898 non
290 3854 363 3914 audeo
377 3867 399 3913 q.
414 3852 442 3900 0.
470 3855 495 3902 4.
513 3859 615 3902 marim
626 3856 730 3918 poffr'm]
744 3857 811 3906 BTS.
829 3857 937 3904 marimo
951 3859 1044 3921 poffran
1058 3863 1089 3908 ll.
1106 3861 1207 3908 maxime

227 3919 320 3969 uotam
335 3921 400 3969 CAF
401 3923 429 3968 L.
458 3916 532 3971 XIII.
551 3926 575 3974 8.
590 3926 735 3986 Lycormas]
753 3926 864 3974 RASFL.
879 3929 1017 3994 Lycorimnp
1032 3931 1061 3977 B.
1078 3931 1207 3990 Lycormae

227 3987 277 4037 To.
295 3990 393 4054 (sicque
412 3991 476 4038 infra
494 3994 612 4054 sempor.)
630 3995 695 4043 Nox
712 3995 815 4042 sortasse
833 3997 880 4056 leg.
901 3997 1035 4046 tabellarius
1052 4001 1206 4050 muranum.

230 4058 269 4104 10.
292 4065 316 4106 et
337 4059 400 4122 lep]
426 4061 540 4110 BTOPL.
557 4062 601 4123 sed
623 4066 668 4123 leg.
691 4064 762 4112 RAS.
801 4065 839 4114 12.
855 4064 899 4124 sed
918 4071 992 4116 antu
1014 4069 1042 4116 Τ.
1070 4069 1136 4127 (non
1160 4070 1206 4129 B.)

227 4125 265 4172 lb.
289 4129 367 4190 cuiue]
391 4130 464 4179 B'I'C.
488 4147 554 4194 quem
576 4132 689 4180 RASPL.
727 4132 766 4180 15.
783 4133 880 4198 poffm]
904 4137 925 4184 1.
947 4137 979 4183 A.
1001 4138 1103 4185 Ernesti.
1120 4137 1206 4198 pofftt.

227 4193 303 4312 222,
313 4212 391 4314 norea.
429 4201 468 4249 ro.
487 4201 598 4265 ntae]
616 4201 760 4266 urenae.
776 4203 842 4252 ntes
862 4205 912 4254 1²1.
947 4205 1030 4256 xrv.
1054 4207 1093 4256 ιε.
1117 4208 1207 4255 onro.
1459 4238 1467 4466 Ι

1179 4659 1185 4702 Ι
