3440 4992
172 311 558 334 m·-

239 487 421 564 Harpocrati
438 489 605 564 iatraliptae
622 507 689 546 meo
707 498 736 544 et
750 483 987 546 Alexandrinam
999 490 1150 546 civitatem
1166 490 1219 547 tri·

239 581 351 650 huisse,
378 585 513 659 quamvis
538 576 701 640 secundum
726 581 942 640 institutionem
964 583 1136 658 principum
1155 601 1216 640 non

237 687 349 736 temere
378 691 443 734 earn
469 677 540 734 dare
569 673 781 752 proposuisses.
818 674 884 732 Esse
913 686 1011 732 autem
1037 674 1215 752 Harpocran

238 771 320 842 vapori
336 771 503 842 Μεμφιτικοῦ
521 764 622 826 indico
645 767 710 824 tihi.
746 767 831 845 Rogo
855 787 944 844 ergo,
968 767 1215 845 indulgentissime
1264 779 1266 792 “

209 863 422 938 tirnperator,
446 873 479 920 ut
501 863 573 923 mihi
596 861 634 918 ad
656 859 832 936 Pompeium
854 861 1007 929 Plantam,
1032 864 1216 937 praesectum

237 955 385 1032 Aegypti,
405 957 533 1012 amicum
545 966 645 1023 tuum,
658 951 733 1011 sicut
744 953 920 1030 promisisti,
938 955 1091 1029 epistolam
1102 958 1213 1012 mittas.

189 1105 192 1114 ,
238 1049 367 1107 Obviam
385 1051 497 1116 iturus,
517 1068 578 1126 quu
590 1051 753 1118 maturius,
772 1047 918 1115 Domine,
937 1047 1146 1123 exoptatissimi
1162 1049 1215 1106 ad-

236 1155 342 1200 ventus
360 1145 404 1199 tui
419 1143 527 1229 gaudio
542 1141 602 1200 frui
617 1141 738 1218 possim,
756 1159 850 1218 rogo,
869 1143 1028 1216 permittas·
1040 1144 1112 1200 mihi
1126 1161 1214 1219 quarn

234 1236 401 1314 longissime
420 1251 580 1292 occurrere
603 1234 668 1322 tihi.

192 1359 223 1407 10
388 1351 433 1399 vr.
469 1329 1056 1422 o,en1u1usrnn'1nn01nrnnnron1.

286 1438 427 1496 Proxima
446 1436 605 1500 infirmitas
623 1458 703 1506 mea,
722 1439 866 1505 Domine,
886 1437 1030 1514 obligavit
1045 1457 1091 1494 me
1107 1437 1213 1494 Ponu-

235 1533 295 1588 mio
314 1527 433 1588 hiarino
451 1530 582 1599 medico;
602 1534 651 1588 cui
669 1528 772 1606 paiern
790 1533 917 1607 gratiam
933 1534 1047 1588 referre
1064 1529 1212 1588 beneficio

232 1635 285 1680 tuo
307 1625 436 1699 polium,
464 1623 487 1681 si
511 1623 653 1699 precibus
678 1623 752 1680 meis
777 1643 814 1680 ex
838 1624 1049 1682 consuetudine
1069 1623 1211 1681 honitatis

233 1729 300 1774 tuae
318 1717 486 1774 indulseris.
524 1717 608 1794 Rogo
627 1736 721 1794 ergo,
740 1729 772 1773 ut
789 1720 967 1794 propinquis
984 1720 1047 1775 cius
1066 1719 1118 1775 des
1136 1720 1212 1775 civi-

190 1819 220 1867 1⁵
232 1823 337 1879 tatem,
364 1811 536 1886 Chrysippo*
549 1806 731 1867 Mithridatis
752 1813 899 1887 uxorique
918 1811 1076 1887 Chrysippi
1094 1811 1212 1869 Strato-

232 1907 318 1961 nicae
337 1905 482 1985 Epigoni,
508 1905 580 1960 item
599 1901 703 1962 liberis
724 1904 852 1961 eiusdem
870 1905 1048 1980 Chrysippi,
1073 1907 1211 1996 Epigono
1269 1932 1277 1946 ¹

232 2009 262 2054 et
291 1997 475 2064 Mithridati,
507 2000 547 2053 ita
573 2008 606 2053 ut
631 1997 689 2054 sint
712 1999 744 2053 in
770 2000 865 2072 patris
890 1999 1032 2073 potestate
1055 2011 1145 2073 utque
1173 2001 1210 2056 iis

231 2091 262 2147 in
280 2090 405 2149 libertos
425 2090 560 2145 servetur
584 2090 630 2144 ius
654 2101 860 2164 patronorum.
880 2092 972 2170 (Item
993 2111 1087 2168 rogo,
1112 2093 1211 2150 indul-

183 2205 186 2214 *
230 2204 301 2262 geas
336 2186 383 2239 ius
415 2182 578 2254 Quiritium
600 2181 641 2240 L.
670 2182 771 2242 Satrio
801 2183 969 2240 Abascanto
992 2193 1026 2240 et'
1046 2185 1080 2240 P.
1101 2183 1211 2242 .Gaesio

183 2287 218 2333 20
230 2275 410 2351 Phosphoro
428 2287 457 2332 et
475 2277 659 2333 Panchariae
678 2275 827 2334 Soteridi:
851 2278 931 2354 quod
955 2298 974 2339 a
993 2289 1022 2334 tc
1043 2277 1211 2336 volentibus

207 2397 210 2406 ·
229 2371 366 2447 patronis
385 2380 465 2444 peto.

379 2484 438 2532 Vll.
474 2484 502 2532 0.
520 2485 652 2532 PLINIUS
669 2485 823 2534 TRAIANO
841 2486 1063 2534 IMPERATORI.

280 2571 369 2640 Scio,
388 2573 531 2640 Domine,
553 2575 713 2630 memoriae
733 2584 817 2640 tuae,
841 2591 916 2648 quae
931 2573 974 2630 est
987 2572 1063 2631 bene
1082 2575 1212 2632 faciendi

227 2665 429 2732 tenacissima,
448 2683 553 2740 preces
572 2663 688 2722 nostras
708 2668 880 2722 inhaerere:
900 2668 969 2742 quia
986 2674 1086 2724 tamen
1104 2671 1136 2725 in
1153 2671 1210 2725 hoc

182 2773 347 2836 2tquoque
374 2757 537 2825 indulsisti,
566 2757 711 2814 admoneo
739 2757 824 2815 simul
848 2769 877 2814 et
902 2759 1032 2834 impense
1057 2773 1148 2836 rogo,
1177 2771 1211 2816 ut

228 2853 355 2910 Accium
379 2849 486 2907 Suram
514 2863 655 2926 practura
679 2870 826 2908 exornare
852 2852 1004 2936 digneris,
1028 2872 1098 2910 cum
1122 2853 1208 2910 locus

227 2955 323 3004 vacet.
365 2945 414 3001 Ad
435 2965 525 3021 quam
549 2945 630 3019 spem
651 2945 763 3020 alioqui
789 2945 998 3020 quietissimum
1017 2945 1154 3002 hortatur
1180 2958 1210 3003 ct

227 3038 372 3099 natalium
394 3037 532 3113 splendor
556 3047 586 3092 et
610 3037 719 3093 sumina
744 3041 900 3114 integritas
925 3040 957 3096 in
980 3050 1153 3114 paupertate
1179 3052 1209 3097 et

229 3142 296 3187 ante
315 3131 414 3187 omnia
433 3131 559 3186 felicitas
577 3139 761 3204 temporum,
781 3151 855 3208 quae
871 3131 982 3188 honam
997 3133 1208 3190 conscientiam

180 3237 215 3284 so
228 3225 339 3280 civium
364 3235 485 3280 tuorum
509 3224 548 3286 ad
572 3222 655 3279 usum
678 3223 878 3300 indulgentiae
907 3237 976 3282 tuae
1004 3238 1151 3302 provocat
1178 3239 1209 3284 et

227 3317 345 3380 attollit.
1139 3329 1143 3338 '

366 3433 439 3480 thl.
475 3433 503 3480 C.
522 3429 653 3480 PLINIUS
672 3431 825 3495 TRAIANO
843 3433 1078 3494 IMPERATORI„

183 3576 189 3586 ,
278 3519 353 3578 Cum
361 3519 468 3586 sciam,
481 3521 608 3597 Domine
620 3563 628 3588 ,
639 3521 675 3576 ad
687 3521 889 3577 testimonium
900 3520 1074 3596 laudemque
1087 3537 1207 3576 morum

225 3633 361 3671 meorum
386 3613 537 3692 pertinere
562 3625 623 3670 tam
645 3612 718 3670 honi
746 3615 893 3689 principis
915 3612 1026 3669 iudicio
1050 3613 1206 3675 exornari,
1288 3638 1294 3647 ·

178 3719 212 3770 35
224 3725 317 3783 rogo,
346 3705 503 3780 dignitati,
531 3705 568 3763 ad
593 3725 682 3783 quam
701 3725 747 3763 rue
772 3709 914 3783 provexit
934 3705 1118 3782 indulgentia
1136 3717 1205 3775 tua,

274 3880 306 3928 V.
336 3882 358 3928 l.
380 3882 417 3943 et]
438 3884 468 3932 R.
493 3886 515 3930 ei
537 3885 569 3932 A.
594 3887 664 3932 etiam
685 3887 750 3934 sut..
785 3887 810 3934 ³.
827 3888 992 3946 Harpocraten
1009 3887 1041 3936 A.
1076 3888 1100 3936 4.
1123 3882 1205 3954 νομοῦ

223 3947 395 4018 pomcranos]
413 3951 462 4000 Fi..
486 3946 569 4021 νόμον
585 3947 721 4022 μεμφὺτου
738 3955 809 4004 RAS.
844 3957 868 4003 7.
887 3957 1071 4017 exoptatissimi]
1093 3957 1123 4003 tle
1140 3957 1205 4005 Gro-

224 4019 293 4068 novii
309 4020 374 4068 coni.
392 4022 420 4067 1..
438 4021 609 4081 exoptatrffime
625 4024 718 4071 RASF.
753 4024 798 4070 vl.
819 4025 1114 4086 19.Atqscrnto]nus.
1139 4027 1204 4073 Aba·

219 4086 313 4147 sconsio
327 4089 377 4138 FL.
404 4090 462 4138 VII.
476 4092 517 4138 23.
533 4091 719 4154 benefaciendi]
735 4091 784 4147 ΕΙ..
800 4094 947 4155 inficiendi
960 4096 1029 4142 RAS.
1047 4093 1089 4140 25.
1100 4096 1204 4157 qnoque]

225 4155 280 4203 tta.
303 4171 395 4221 quoque
405 4157 477 4220 saepe
494 4160 559 4210 sut..
810 4177 813 4188 ’

223 4406 239 4442 l

1300 2788 1400 2906 ‘siis
