3440 4992
673 453 752 514 CXI.
788 459 817 508 o.
834 457 966 510 ruimus
983 457 1136 506 uentano
1154 459 1375 508 metaurum.

587 573 732 640 Ecdicua,
757 569 899 638 Domine,
923 568 1128 626 Amisenorum
1145 573 1279 629 civitatis
1295 575 1416 646 petebat
1433 577 1511 650 apud

536 686 583 724 me
602 687 619 722 a
638 665 714 722 Iulio
733 663 839 721 Pisone
860 663 1050 734 denariorum
1069 665 1190 722 circiter
1206 663 1272 741 XL.
1292 665 1383 724 mitto
1401 668 1512 724 donata

536 763 565 817 ei
582 760 699 836 publice
717 767 785 816 ante
805 755 876 816 XX.
892 761 990 814 'annot
1011 757 1077 814 bule
1099 767 1130 814 et
1149 757 1270 816 ecclesia
1290 758 1511 818 consentientes

507 845 743 930 5nitehaturque
766 851 914 908 mandatis
928 850 1004 917 tuis,
1028 851 1142 925 quibus·
1160 853 1308 909 eiusmodi
1334 854 1513 912 donationes

535 956 687 1004 vetantur.
729 943 797 1004 Piso
817 954 923 1002 contra
942 943 1068 1017 plurima
1087 943 1116 999 se
1135 945 1167 1000 in
1187 963 1251 1002 rem
1270 947 1418 1019 publicam
1437 964 1512 1004 con-

534 1038 631 1098 tulisse
649 1057 683 1097 ac
702 1045 800 1114 propo
816 1045 897 1092 totas
913 1035 1068 1092 facultates
1089 1036 1220 1112 erogasse
1241 1039 1370 1099 dicebat.
1405 1041 1512 1098 Adde-

535 1133 587 1189 bat
609 1134 697 1188 etiam
721 1130 865 1202 temporis
888 1114 1014 1204 spatium
1032 1127 1273 1206 postulabatque,
1298 1151 1335 1188 ue
1357 1133 1405 1202 id,
1431 1135 1512 1208 quod

535 1246 590 1301 pro
616 1227 716 1281 multis
743 1233 773 1279 et
802 1224 873 1278 olim
900 1221 1074 1296 accepisset,
1108 1244 1173 1281 ctam
1199 1205 1354 1281 eversione
1381 1226 1513 1302 reliquae

398 1341 431 1381 γ’
461 1343 465 1350 ’
492 1317 691 1394 ¹⁰dignitatia
708 1317 836 1373 reddere
853 1327 1021 1390 cogeretur.
1058 1314 1172 1386 Quibus
1191 1336 1228 1372 ex
1251 1317 1345 1374 causis
1365 1321 1515 1396 integram

535 1414 734 1490 cognitionem
753 1409 946 1466 disserendam
961 1407 1143 1478 existimavi,
1164 1421 1196 1466 ut
1211 1425 1256 1479 te,
1276 1411 1420 1481 Domine,
1440 1428 1516 1468 con-

535 1504 677 1572 suleremr
693 1503 764 1581 quid
783 1501 959 1578 sequendum
978 1512 1108 1576 putares.

780 1635 875 1697 CXH.
913 1641 1088 1690 TRAIANUS
1102 1641 1228 1691 poturo
1246 1643 1269 1691 u.

586 1754 670 1811 Sicut
690 1753 871 1828 largitiones
891 1776 931 1810 em
946 1755 1155 1830 publicofiert'
1176 1755 1322 1812 mundato
1338 1755 1517 1832 probibent,

493 1851 523 1900 ¹5
536 1850 603 1916 ito,
629 1869 664 1928 ue
689 1850 850 1906 multorum
865 1849 1020 1922 securitas
1032 1847 1212 1920 subruatur,
1227 1857 1339 1916 jactas
1361 1863 1430 1905 unte
1452 1849 1516 1905 ati-

537 1958 679 2018 qucutum
698 1944 845 2016 temporis
861 1943 1027 1999 retractari
1048 1957 1137 2017 atque
1160 1941 1192 1998 iu
1211 1941 1337 1998 irritum
1355 1941 1517 1999 uindicari

536 2059 594 2094 arou
621 2053 748 2112 oportet.
788 2037 947 2114 Quidquid
965 2056 1036 2109 ergo
1065 2057 1104 2091 ex
1130 2035 1188 2092 hoc
1212 2033 1302 2107 causa
1324 2050 1425 2091 cotum
1446 2051 1516 2090 ctttte

536 2132 649 2201 viginti
669 2151 765 2186 orarios
783 2131 857 2196 erit,
882 2121 1076 2189 otnittamus}
1105 2131 1175 2187 silon
1193 2129 1294 2186 miuus
1312 2129 1395 2185 euim
1411 2129 1514 2184 homi-

535 2227 621 2283 uibus
633 2225 774 2299 cuitus-que
786 2224 846 2280 Ioci
858 2243 950 2298 quom
959 2224 1105 2298 pecuariae
1111 2223 1253 2298 publicae
1262 2221 1426 2291 consultum
1435 2221 1513 2277 volo.

489 2380 523 2426 20
656 2358 766 2416 CXIII.
803 2363 831 2411 c.
849 2363 980 2409 PLINIUS
998 2362 1151 2438 Tmtnuo
1169 2324 1392 2408 tnesaurum.

585 2476 649 2532 Lex
667 2476 826 2549 Pompeia,
850 2475 993 2542 Domine,
1023 2495 1083 2551 qua
1100 2475 1220 2547 Bithyni
1238 2485 1268 2530 et
1287 2473 1405 2529 Pontici
1422 2481 1514 2528 umn-

267 2588 308 2653 qui
326 2588 350 2635 jn
368 2591 438 2637 bulen
535 2580 601 2636 tur,
629 2585 701 2636 eos,
734 2570 785 2644 qui
819 2569 954 2624 buleutae
993 2587 1009 2624 a
1044 2568 1214 2624 censoribus
1248 2569 1406 2644 leguntur,
1442 2567 1515 2621 dare

535 2649 689 2736 pecuniam
710 2680 770 2718 non
790 2665 891 2719 iubet:
919 2661 969 2717 sed
997 2663 1036 2727 ii,
1062 2679 1137 2738 quos
1161 2663 1345 2738 indulgentia
1371 2671 1422 2718 tua
1446 2663 1514 2736 qui-

535 2757 659 2812 busdam
684 2757 858 2812 civitatibus
885 2754 972 2830 super
1005 2755 1167 2829 legitimum
1201 2774 1354 2812 numerum
1383 2754 1514 2812 adiicere
1614 2741 1633 2768 '³

489 2857 522 2905 25
534 2849 686 2923 permisit,
711 2859 741 2903 et
763 2848 875 2924 singula
894 2852 975 2904 milia
994 2849 1185 2904 denariorum
1203 2859 1232 2903 et
1249 2845 1326 2904 bina'
1336 2847 1513 2904 intulerunt.

534 2945 659 3000 Anicius
677 2943 784 2996 deinde
803 2941 954 2998 Maximus
973 2941 1128 3016 proconsul
1146 2957 1199 2996 eos
1216 2943 1318 3008 etiam,
1340 2940 1424 3015 quia
1443 2957 1514 2996 cen·

534 3035 650 3090 sonibus
676 3035 861 3109 legerentur,
887 3036 1042 3090 dumtaxat
1068 3037 1100 3090 in
1129 3015 1308 3108 paucissimis
1338 3035 1514 3094 civitatibus

535 3129 613 3182 aliud
631 3126 697 3181 aliia
715 3124 796 3182 iussit
812 3126 933 3182 inserre.
970 3126 1108 3201 Superest
1125 3146 1212 3203 ergo,
1232 3137 1263 3182 ut
1280 3127 1341 3200 ipse
1359 3115 1513 3201 dispicias,

535 3239 572 3274 an
599 3222 629 3274 in
658 3219 795 3276 omnibus
825 3221 997 3274 civitatibus
1028 3229 1140 3276 certum
1172 3222 1282 3296 aliquid
1311 3237 1429 3289 omnes,
1464 3223 1513 3296 qui

489 3322 522 3368 30
536 3313 644 3368 deinde
656 3313 791 3368 buleutae
804 3311 955 3386 leguntur,
974 3311 1101 3368 debeant
1114 3331 1169 3388 pro
1181 3305 1307 3382 introitu
1317 3313 1399 3373 dare.
1435 3312 1513 3370 Nam

536 3408 615 3482 quod
632 3409 664 3462 in
682 3415 854 3480 perpetuum
875 3403 1042 3484 mansurum
1068 3405 1123 3476 est,
1150 3425 1166 3462 a
1192 3417 1221 3462 te
1245 3406 1384 3464 constitui
1408 3407 1511 3476 decet,

490 3502 503 3511 “
535 3501 618 3556 cuius
636 3499 723 3561 sactis
741 3500 887 3576 dictisque
905 3497 1029 3554 debetur
1047 3469 1218 3572 aetesnitas.

536 3637 652 3650 ω

605 3723 670 3776 ext.
689 3728 713 3774 2.
738 3730 852 3793 Ecdicua]
878 3733 928 3778 Fb.
952 3733 1054 3780 Medicus
1075 3732 1210 3782 BTCRAS.
1245 3735 1269 3781 3.
1290 3735 1425 3797 milio]·0.
1444 3737 1514 3798 Seqq.

538 3813 587 3848 om.
602 3798 669 3842 milio
688 3797 738 3843 BT.
773 3800 798 3846 4.
820 3801 885 3861 bute]
907 3802 938 3846 G.
959 3801 1036 3860 lopati·
1057 3803 1106 3849 BT.
1126 3813 1150 3852 et
1169 3803 1219 3848 lule
1240 3803 1350 3858 uastat.
1386 3806 1410 3853 5.
1429 3805 1515 3852 altedo-

538 3866 635 3928 turque]
662 3865 691 3911 F.
720 3867 881 3929 utebanturque
906 3870 1020 3916 BTRAS.
1047 3870 1193 3932 utebaturque
1220 3871 1267 3918 ct.
1305 3875 1344 3921 Il.
1371 3889 1419 3922 om.
1445 3879 1466 3920 te
1486 3873 1514 3920 B.

538 3939 606 3997 (non
626 3935 655 3980 r.
675 3931 762 3998 seut)
796 3937 888 3984 cxnt.
907 3939 948 3985 aa.
967 3941 1007 3998 qut
1023 3940 1125 3986 tatanus
1142 3941 1159 3984 a*
1174 3939 1248 4001 cent]
1267 3942 1315 3988 on.
1334 3945 1373 4004 qua·
1388 3944 1516 3990 tutatuta

491 4007 496 4061 s
538 4021 552 4050 a
575 4001 633 4063 cetis.
660 4003 755 4063 B.lqut'
776 4005 801 4049 iu
824 4007 904 4053 talenta
922 4023 937 4052 a
962 4007 1020 4067 cens.
1045 4009 1074 4056 Τ.
1099 4011 1140 4068 qui
1157 4010 1181 4053 in
1198 4009 1264 4056 lutea
1286 4025 1301 4056 a
1324 4007 1382 4069 cens.
1401 4012 1428 4057 C.
1445 4013 1515 4074 Saqq.

538 4073 579 4120 23.
595 4073 629 4133 t't']
644 4073 738 4120 BGFb.
756 4075 786 4119 iit
799 4073 891 4122 TRAS.
910 4075 951 4122 at.
968 4077 1117 4138 quibutdam]
1135 4077 1208 4126 GFL.
1224 4093 1239 4125 u
1253 4079 1388 4139 quibusdam
1402 4080 1516 4128 BTRAS.

538 4141 579 4188 30.
598 4145 702 4201 lagenam
719 4142 842 4190 Sobaeseri
860 4145 972 4205 suspicio.
1012 4157 1015 4166 ⁴
1211 4151 1218 4163 '
1445 4175 1447 4184 v
