3440 4992
190 282 1496 330 'mmm-ann.-

479 421 484 427 ,
1176 333 1180 342 ’
1417 347 1454 408 ιι

223 509 226 512 -
263 469 334 546 qnid
362 488 378 525 e
402 470 466 528 lacu
490 469 600 528 veniet.
637 466 771 540 Quorum
795 463 820 523 li
842 466 916 524 nibil
939 466 1035 522 nobie
1051 466 1111 524 loci
1137 473 1243 525 natura
1385 451 1496 464 *-

263 561 441 642 praestaret,
461 565 632 638 expeditum
647 571 746 617 tamen
764 570 829 616 erat
842 563 1001 618 cataractis
1019 557 1112 636 aqua'e
1128 561 1244 619 cursum

265 641 457 733 temperare.¹
476 657 592 716 Verum
613 667 643 713 et
666 657 738 713 haec
761 666 792 710 et
814 655 871 710 alia
895 655 989 712 multo
1011 654 1149 732 ¹sagacius
1171 673 1244 712 con·

265 755 363 830 quiret
376 753 602 826 explorabitque
616 752 759 819 librator,
775 767 861 825 quem
874 751 976 824 plane,
990 749 1134 818 Domine,
1154 749 1245 807 debes

237 855 252 902 5
265 849 399 912 mittere,
419 857 451 900 ut
465 846 626 920 polliceris.
661 843 714 900 Est
733 845 811 900 enim
826 861 875 900 res
894 843 983 916 digna
998 854 1029 900 et
1041 845 1246 920 magnitudine

266 951 317 996 tua
341 951 371 996 et
397 957 478 997 cura.
516 940 577 1016 Ego
599 939 721 1002 interim
746 936 907 1011 Calpurnio
931 918 1057 1006 Macro,
1087 937 1246 995 clarissimo

266 1037 348 1098 viro,
369 1023 490 1090 auctore
505 1040 535 1086 te
552 1029 668 1104 scripli,
686 1037 720 1085 ut
738 1029 914 1088 libratorem
931 1050 1018 1108 quam
1032 1033 1161 1089 maxime
1178 1033 1248 1092 ido·

267 1147 355 1184 neum
371 1129 516 1184 mitteret.

523 1244 599 1291 Lxx.
636 1243 810 1290 TRAIANUS
824 1243 951 1290 PLINIO
970 1243 994 1290 S.
1051 1299 1052 1311 χ

224 1340 255 1386 ιο
318 1330 518 1404 Manifestum
530 1331 651 1416 elikmi
661 1331 793 1388 Secunde
803 1329 974 1404 carissime,
992 1348 1046 1388 net
1052 1333 1249 1408 prudentiam

268 1443 322 1481 nec
347 1425 541 1498 diligentiam
568 1423 626 1482 tibi
652 1422 778 1498 defuisfe
802 1425 889 1482 cirea
916 1423 1008 1498 istum
1032 1424 1152 1506 lacurn,
1182 1441 1250 1480 cum
1349 1497 1351 1502 ι

269 1528 333 1574 tam
347 1518 441 1574 multa
458 1517 584 1592 prouisa
601 1517 729 1586 habeas,
742 1537 802 1593 per
821 1537 898 1594 quae
917 1535 972 1595 'nec
985 1517 1178 1592 periclitetur
1193 1537 1251 1574 eae-
1296 1575 1301 1581 ,

269 1612 393 1670 hauriri
407 1626 437 1667 et
456 1611 559 1688 magis
578 1613 612 1668 in
633 1610 701 1684 usus
719 1609 808 1668 nobis
819 1609 948 1683 futurus
958 1608 1015 1684 fit.
1050 1611 1141 1686 Elige
1156 1611 1252 1684 igitur
1344 1617 1347 1622 '

200 1653 208 1762 Ι
270 1705 306 1761 id
313 1747 319 1772 ,
330 1705 411 1780 quod
418 1705 582 1780 praecipue
594 1725 644 1762 res
655 1703 721 1780 ipsa
723 1702 867 1778 suaserit.
900 1704 1099 1782 Calpurnium
1107 1705 1251 1762 Macrum

226 1800 257 1850 ta
271 1797 540 1870 credosacturum‚
559 1814 590 1855 ut
603 1814 631 1856 te
645 1799 793 1857 libratore
806 1795 952 1870 instruat:
970 1817 1062 1875 neque
1071 1797 1253 1874 prouinciae
1289 1823 1368 1874 nequa
1385 1778 1449 1862 salui
1466 1824 1492 1872 p.

272 1890 347 1961 istae
364 1893 414 1949 liis
432 1891 604 1966 artificibus
621 1907 736 1950 carent.
1507 1903 1508 1906 ’

403 2007 493 2074 cxxi.
529 2007 556 2056 c.
575 2009 707 2055 rmutus
725 1991 878 2054 rumano
896 1999 1119 2054 merlemont.

324 2096 451 2172 Magna,
477 2097 623 2164 Domine,
648 2107 679 2152 et
705 2096 742 2151 atl
766 2104 861 2151 totam
886 2097 1073 2170 provinciam
1099 2093 1254 2168 pertinens

274 2188 405 2265 qttaestio
422 2189 463 2245 est
479 2191 515 2244 de
528 2189 704 2246 condicione
717 2199 747 2244 et
759 2189 908 2245 alimentis
920 2207 1039 2258 eorum,
1057 2204 1132 2263 quos
1143 2197 1255 2245 vocant

226 2291 260 2338 20
273 2280 416 2357 cptnroir.
452 2273 486 2338 Iu
505 2302 562 2358 qua
583 2299 638 2360 ego
656 2281 767 2338 auditis
788 2281 1048 2339 constitutionibus
1071 2283 1254 2356 principum,

274 2374 342 2454 quia¹
363 2377 435 2432 nihil
454 2377 644 2432 inveniebam
663 2386 714 2432 aut
731 2377 886 2450 proprium
904 2384 954 2431 aut
970 2373 1155 2444 universale,
1174 2374 1253 2450 quod

273 2471 311 2526 ad
325 2464 481 2544 'Bithynos
505 2469 651 2538 ferretur,
676 2467 885 2526 consulendum
909 2477 939 2524 te
966 2467 1153 2538 existimavi,
1182 2468 1253 2544 quid

273 2562 429 2620 observari
458 2563 570 2619 velles:
606 2579 701 2636 neque
728 2564 833 2636 putavi
854 2561 937 2636 polle
958 2581 1005 2618 me
1030 2564 1065 2618 in
1090 2579 1145 2630 eo,
1175 2561 1254 2637 quod
1310 2559 1474 2625 nequeenim
1520 2613 1524 2624 ,

274 2657 483 2711 auctoritatem
514 2666 595 2710 tuam
623 2655 948 2730 posceret,·exemplo
978 2654 1037 2711 elle
1072 2644 1254 2732 contentum.
1330 2637 1463 2748 affl&

227 2751 261 2798 25
275 2747 469 2804 Recitabatur
483 2759 581 2804 atatem
598 2750 675 2824 apud
693 2767 740 2804 me
759 2749 905 2818 edictum,
924 2749 1004 2824 quod
1020 2749 1177 2806 dicebatur
1191 2748 1255 2803 divi
1404 2715 1420 2760 p

269 2833 413 2913 Augusti,
433 2833 469 2890 aa
483 2845 631 2920 naniam
638 2845 795 2910 pertinens
805 2844 975 2920 suscitatae
992 2851 1024 2896 et
1038 2839 1178 2915 epistolae
1191 2841 1301 2896 &aa
1309 2866 1313 2880 ·

269 2929 446 3004 Vespasiani
469 2933 505 2985 ad
537 2928 794 2986 Lacedaemonios
823 2939 853 2984 et
881 2929 946 2983 divi
973 2927 1037 2984 Titi
1066 2927 1104 2982 nd
1130 2929 1251 2985 eosdem
1275 2927 1504 2981 enumeramus

269 3030 287 3065 *
305 3025 460 3086 Achaeos:
480 3033 511 3079 at
529 3018 701 3080 Domitiani¹
712 3022 750 3077 ad
765 3021 909 3082 Avidium
924 3021 1084 3098 Nigrinum
1097 3031 1128 3078 et
1141 3023 1252 3080 Arme·
1306 3021 1339 3068 td
1356 3020 1474 3068 Achaeo·

271 3122 353 3176 nium
381 3119 543 3176 Brocchum
572 3114 782 3190 proconsules,
810 3118 882 3173 item
910 3115 947 3170 ati
977 3115 1249 3174 Lacedaemonios:

224 3227 346 3290 soquae
369 3213 439 3268 ideo
468 3213 525 3268 tibi
551 3227 611 3266 non
640 3209 722 3277 mili,
753 3211 823 3286 quia
850 3219 885 3264 et
906 3229 1012 3284 parum
1040 3211 1200 3268 emendata
1222 3221 1251 3266 et

237 3307 416 3388 quaedam
443 3321 503 3361 non
534 3313 633 3362 certae
659 3303 731 3360 lidei
760 3301 941 3359 videbantur
971 3310 1001 3371 qt
1029 3303 1110 3378 quia
1126 3321 1198 3361 vera
1222 3314 1252 3360 et

264 3401 428 3458 emendata
445 3401 476 3456 in
495 3397 613 3454 scriniis
630 3399 691 3453 tuis
709 3393 767 3452 esse
785 3395 954 3454 credebam.

269 3509 592 3552 .........--‘
995 3511 1016 3548 x

339 3621 415 3670 Lxx.
431 3623 469 3669 10.
488 3623 579 3683 Manis
572 3623 636 3683 flunt
648 3622 742 3684 amre
756 3624 827 3685 Seqq.
845 3622 994 3684 Manifestum
1009 3623 1081 3674 BTC.
1119 3625 1158 3673 1³.
1174 3623 1254 3686 ufuC.

272 3692 310 3740 lb.
328 3691 415 3752 Elige]
439 3692 1027 3754 Gruterua.EiiceBTCRASFL.15.neque]
1049 3689 1168 3742 BTCRA.
1186 3709 1255 3753 neque
1319 3696 1321 3700 '

272 3764 333 3809 enim
351 3762 416 3807 SFL.
451 3762 540 3808 Lxxt.
561 3763 600 3808 19.
618 3755 858 3830 υοιαπιθριιιτοὺς]
877 3762 992 3810 RASFL.
1008 3777 1058 3811 om.
1073 3778 1129 3812 voc.
1145 3764 1189 3810 Gr.
1204 3764 1254 3810 BT.

272 3831 547 3888 uocantiutit‘tourc.
583 3824 816 3890 relampantium
839 3830 975 3889 referretur.
1010 3834 1052 3880 2³.
1073 3833 1159 3892 neque]
1183 3832 1255 3880 BTC.

273 3899 459 3961 nequeenimlt.
470 3901 541 3960 Seqq.
568 3899 610 3945 24.
620 3897 743 3958 exemplo]
759 3899 809 3946 Bc.
827 3901 997 3958 exemplumT.
1021 3904 1132 3958 ereanplit
1143 3902 1256 3949 RASFL.

274 3971 317 4016 et.
340 3970 371 4015 acl
394 3969 484 4013 eoadem
505 3967 628 4028 Asltaeot]
652 3967 724 4015 BTC.
749 3967 781 4013 ati
806 3969 917 4024 ιιιιιίσπι,Ι
941 3971 996 4016 tlet'n
1018 3972 1124 4016 Acltutut
1143 3971 1256 4020 RASFL.

275 4038 335 4098 Lep.
351 4039 383 4084 ud
400 4037 490 4084 eordan
507 4041 530 4082 et
546 4038 661 4084 Actaeon.
688 4037 738 4084 On.
984 4065 985 4070 =

898 4147 916 4204 5
