3440 4992
202 372 1521 400 W

1430 421 1468 484 23

222 520 226 528 ·
272 509 322 548 me
337 491 458 568 quitiam
471 493 675 570 indicavitque
688 494 877 552 adversarios
888 493 957 552 suos
970 515 987 552 a
999 495 1130 553 Servilio
1144 497 1253 566 Calvo,
1281 526 1505 542 --—-

233 611 239 622 ·
274 585 435 642 clarissimo
458 589 542 667 viro,
566 589 598 651 in
621 590 784 664 triennium
801 590 950 666 relegatos
968 593 1000 646 in
1017 593 1173 666 provincia
1191 611 1256 648 rno-

273 683 354 738 rnri:
385 683 430 738 illi
458 694 564 740 contre
593 682 631 739 eb
658 685 764 740 eodem
788 683 820 740 se
846 671 1001 743 restitutos
1030 687 1255 742 affirmaverunt

273 775 460 852 edictumque
485 765 706 834 recitaverunt:
732 797 790 854 qun
814 777 900 836 cause
926 757 1121 836 neiessarimu
1139 781 1255 837 credidi

243 876 335 926 orem
357 871 506 946 integram
529 871 566 926 ad
593 881 623 926 te
650 871 775 932 referre.
811 871 890 928 Nam
915 869 990 930 sicut
1015 873 1165 928 mandetis
1195 874 1255 928 tuis

272 974 390 1020 ceritum
408 962 465 1030 est,
490 983 527 1018 ne
544 962 697 1020 restituam
715 966 752 1020 eb
770 964 830 1021 elio
849 974 900 1022 eut
917 985 934 1021 u
951 984 998 1022 me
1019 965 1186 1044 relegatos,
1212 969 1255 1023 ite

272 1058 310 1112 de
327 1059 475 1133 iis‚,quos
495 1058 570 1114 elius
588 1069 618 1114 et
635 1058 817 1135 relegaverit
834 1069 865 1114 et
882 1058 1062 1126 restitnerit,
1081 1061 1154 1120 nihil
1172 1077 1254 1117 com·
1281 1048 1350 1132 *llus
1363 1052 1509 1116 relegaverit

271 1149 445 1225 prehensum
470 1150 525 1214 est.
560 1151 633 1210 Ideo
662 1162 717 1220 tu,
747 1153 900 1221 Domine,
931 1147 1126 1211 consulendus
1155 1152 1255 1222 suisti,

272 1245 343 1319 quid
373 1227 534 1302 oliservere
561 1264 608 1302 me
639 1246 734 1302 velles
766 1257 827 1302 tum
850 1249 993 1316 hercule,
1021 1267 1108 1324 quiam
1134 1250 1170 1302 de
1194 1249 1255 1315 iis,
1296 1243 1492 1324 dehlvgqussm

228 1341 323 1414 loqui
344 1341 376 1394 in
400 1351 575 1418 perpetuum
599 1340 725 1416 relegati
750 1359 804 1398 nec
828 1341 957 1404 restituti
977 1344 1008 1398 in
1027 1344 1188 1418 provincia¹
1203 1307 1254 1396 ‹ie-
1302 1393 1305 1410 ,
1344 1315 1377 1360 ‘¹⁰
1394 1313 1444 1360 ⁰¹¹⁸

270 1433 503 1508 prehenduntur.
539 1433 617 1490 Nam
634 1436 705 1490 haec
723 1444 840 1510 qnoque
855 1433 971 1508 species
987 1435 1093 1492 incidit
1106 1439 1136 1492 in
1151 1437 1255 1512 cogni-

272 1531 385 1586 tionem
408 1545 512 1584 meam.
550 1527 601 1584 Est
626 1530 705 1584 enim
728 1529 874 1584 adductus
900 1529 936 1584 ad
961 1548 1008 1586 me
1031 1531 1063 1586 in
1081 1541 1255 1604 perpetuum

271 1621 420 1698 relegatus
446 1642 465 1678 α
488 1621 564 1678 Iulio
587 1624 681 1677 Basso
704 1621 888 1696 proconsule.
926 1623 1011 1699 Ego,
1037 1609 1106 1698 iuria
1128 1623 1255 1680 sciebam

272 1724 338 1770 aete
365 1713 442 1770 Bessi
469 1713 586 1772 rescisse
614 1715 772 1790 datumque
797 1735 814 1770 e
838 1714 941 1772 senatu
962 1717 1010 1775 ins
1034 1716 1190 1782 omnibus,
1218 1715 1255 1769 de

229 1816 259 1864 15
273 1809 380 1882 quibus
399 1807 449 1863 ille
473 1807 586 1883 aliquid
611 1807 824 1875 constituisset,
849 1827 886 1864 ex
904 1809 1024 1886 integro
1043 1807 1151 1884 egendi
1170 1809 1254 1864 dnrn-
1283 1851 1288 1865 .

190 1947 192 1960 .
270 1909 357 1958 texet
375 1919 429 1975 per
448 1901 614 1968 biennium,
633 1903 822 1980 interrogavi
839 1905 934 1970 hunc,
953 1921 1040 1978 quem
1057 1903 1253 1978 relegaverat,

272 2013 308 2050 en
328 1993 447 2050 adiisset
465 1993 666 2072 docuissetque
687 1995 910 2067 proconsulem:
931 1995 1063 2071 negavit.
1099 1994 1158 2050 Per
1175 1997 1253 2072 quod

271 2087 410 2143 effectum
430 2086 488 2155 est,
515 2099 548 2144 ut
568 2100 598 2144 te
617 2088 815 2155 consulerem,
842 2089 1028 2147 reddendum
1053 2109 1118 2152 eum
1142 2110 1255 2164 poenae

270 2181 354 2248 sitae,
374 2199 413 2236 en
431 2183 552 2258 gravius
575 2183 702 2258 aliquid,
729 2195 760 2238 et
780 2185 850 2260 quid
870 2183 1052 2258 potissimum
1071 2186 1255 2244 constituen-

154 2293 158 2298 '
224 2277 343 2334 iudum
367 2285 488 2350 pittures
514 2286 544 2330 et
568 2278 598 2332 in
621 2279 696 2334 hunc
715 2287 745 2332 et
763 2280 794 2332 in
812 2295 883 2350 eoo,
909 2277 934 2333 si
952 2281 1002 2354 qui
1021 2280 1100 2336 sorte
1118 2282 1148 2334 in
1166 2279 1255 2335 siruili

272 2371 450 2426 condicione
476 2371 695 2428 invenirentur.
738 2371 899 2428 Decretum
931 2371 1018 2429 Calvi
1045 2383 1076 2428 et
1107 2373 1254 2441 edictum,

270 2465 344 2520 item
362 2463 513 2520 decretum
533 2461 611 2518 Bassi
631 2465 676 2518 hie
694 2463 803 2519 litteris
821 2462 942 2520 subieci.

530 2578 605 2626 LXV.
643 2579 816 2625 TRAIANUS
832 2577 959 2625 PLINIO
976 2580 998 2627 8.

326 2663 411 2740 Quid
425 2665 458 2722 in
471 2663 602 2742 persona
617 2685 722 2724 eorum
732 2665 927 2738 statuendum
936 2664 997 2740 sit,
1016 2670 1071 2743 qui
1088 2673 1108 2724 ci
1126 2667 1163 2727 Ρ.
1182 2669 1256 2726 Ser·
1330 2657 1464 2736 personum¹

224 2765 259 2814 25
274 2759 350 2816 uilio
377 2757 476 2828 ,Caluo
498 2757 676 2834 proconsule
702 2760 742 2816 'in
772 2760 939 2818 triennium
968 2762 1095 2832 relegati
1123 2778 1152 2819 et
1179 2781 1256 2818 mon·

272 2854 407 2914 eiusdem
424 2853 524 2910 edicto
545 2851 676 2925 restituti
696 2852 729 2910 iu
746 2853 914 2928 prouincia
936 2853 1157 2928 remanserunt,
1177 2874 1256 2930 pro-

203 2968 204 2972 *
266 2949 359 3008 trime
384 2947 443 3004 tibi
469 2943 656 3020 rescribam,
687 2964 756 3004 cum
781 2948 889 3020 cellsus
917 2949 983 3005 eius
1002 2946 1089 3018 socii
1117 2969 1138 3006 a
1163 2950 1256 3009 Calvo

272 3039 449 3118 requisiero.
491 3039 556 3118 Qui
580 3059 601 3095 a
625 3039 707 3098 Iulio
728 3040 820 3114 Basso
844 3042 877 3112 in
903 3059 1080 3118 perpetuum
1106 3041 1256 3116 relegatus

272 3133 329 3209 est,
354 3155 422 3193 cum
442 3155 499 3211 per
525 3133 680 3190 biennium
703 3134 814 3206 tegendi
831 3131 1019 3207 fucultatem
1042 3136 1199 3204 habuerit,
1222 3135 1257 3209 fi

225 3235 259 3283 80
272 3227 470 3302 aestimabat
478 3227 514 3302 se
538 3227 658 3296 iniuria
677 3228 856 3300 relegatum,
880 3248 973 3304 neque
991 3229 1027 3285 id
1032 3227 1149 3300 fecerit
1167 3245 1256 3306 atque

272 3323 305 3380 in
318 3325 485 3399 prouincia
501 3322 622 3380 morari
634 3322 851 3396 perseverarit,
870 3321 989 3378 uinctus
1005 3321 1090 3380 mitti
1107 3323 1151 3378 od
1160 3343 1256 3398 prae·
1295 3324 1491 3386 perseveraverit

262 3414 367 3487 fictos
388 3416 546 3491 praetorii
571 3415 632 3472 mei
663 3415 755 3471 debet.
799 3413 903 3489 Neque
934 3416 1017 3472 enim
1045 3414 1158 3488 sufficit
1188 3437 1257 3472 eum

265 3530 384 3585 poeitae
393 3507 470 3582 sune
487 3507 621 3582 restitui,
640 3529 731 3586 qnam
749 3508 943 3565 contumacia
961 3505 1056 3580 elusit.

1535 3303 1539 3330 l

339 3689 429 3735 Lxlv.
453 3690 477 3736 7.
509 3695 532 3735 et
557 3690 645 3750 relege]
667 3690 845 3738 Brennum.
873 3703 923 3738 on.
952 3694 975 3736 et
1001 3690 1109 3738 Heerne.
1146 3691 1177 3736 ¹9.
1207 3695 1255 3736 tam
1304 3709 1308 3727 i

271 3757 376 3811 incute,
400 3771 468 3816 quam
490 3763 518 3806 ele
536 3763 580 3813 iic,
604 3759 660 3820 qui]
683 3761 732 3806 On.
750 3765 799 3806 tam
814 3761 905 3805 nercule
922 3773 991 3819 quam
1006 3761 1034 3806 de
1049 3763 1100 3814 ltu,
1124 3761 1164 3819 qul
1181 3760 1254 3808 B'l‘C.

271 3831 319 3872 tum
340 3829 431 3872 nercule
454 3829 481 3872 tle
504 3831 555 3882 liic,
578 3842 646 3888 quom
670 3831 697 3874 de
719 3831 782 3883 illie,
806 3831 846 3888 qui
868 3829 967 3886 RASF,
988 3829 1046 3876 item
1070 3831 1114 3883 Ι...
1134 3830 1189 3876 led:
1216 3833 1254 3876 iis.

274 3897 313 3942 13.
337 3911 351 3942 u
369 3895 451 3955 Iulio]
472 3896 499 3942 C.
519 3899 590 3959 Seqq.
609 3899 673 3943 Iullo
693 3897 743 3944 BT.
782 3897 821 3943 14.
842 3898 978 3958 deumque]
997 3899 1107 3944 RASFL.
1127 3899 1255 3958 dictumque

271 3965 343 4013 BTC.
369 3965 408 4012 17.
421 3966 529 4026 negauit]
541 3969 562 4014 E
576 3968 743 4027 supplemento
755 3967 840 4014 CSFL.
856 3980 906 4014 orn.
922 3970 1016 4026 negauit
1027 3967 1124 4014 BTnA.
1151 3968 1190 4014 18.
1201 3971 1255 4014 ren·

272 4034 385 4095 derulum]
404 4034 523 4080 BTRAL.
540 4051 570 4082 un
588 4037 652 4083 redd.
671 4037 716 4082 sF.
751 4035 827 4082 LXV.
845 4034 887 4081 24.
901 4036 1020 4101 persona]
1038 4036 1110 4082 BTC.
1128 4037 1255 4096 personum

273 4103 383 4150 RASFL.
419 4104 460 4150 27.
476 4103 538 4164 eius]
554 4105 626 4152 BTC.
640 4107 706 4150 huius
719 4104 831 4152 unsri..
866 4103 909 4152 8⁰.
927 4103 1090 4164 existimabat]
1103 4105 1153 4152 ΡΙ..
1173 4106 1254 4166 eritli-

272 4175 321 4216 mut
333 4172 466 4228 BTCRAS.
487 4173 529 4218 81.
540 4173 710 4235 perficerunt]
727 4173 779 4222 ΒΤ.
787 4170 971 4232 perfiueramrit
981 4174 1010 4222 C.
1022 4175 1094 4237 Seqq·
1112 4174 1155 4222 83.
1169 4173 1253 4238 quom]

273 4240 323 4286 BF.
342 4256 406 4301 quem
424 4241 558 4290 Tcunsu.

948 4431 1514 4454 mm
