3440 4992
430 521 523 579 CVII.
559 527 587 575 o.
605 505 737 574 enimus
754 526 907 576 unnttuo
925 527 1147 580 tumuerunt.

354 663 500 741 Rogatus,
515 665 658 732 Domine,
672 665 733 726 aP.
743 667 837 724 Accio
847 665 971 742 Aprile,
986 667 1159 724 centurione
1170 667 1278 725 cobor-

303 756 342 812 tis
359 755 458 814 sextae
477 756 636 834 equestris,
656 768 689 814 ut
708 761 857 818 mitterent
876 761 933 834 tibi
951 759 1098 828 Iibeilum,
1119 779 1173 834 per
1191 779 1276 836 quem

301 849 514 926 indulgentiam
530 867 586 925 pro
603 849 680 924 statu
697 851 774 908 filiae
791 851 858 908 suae
871 853 1030 926 implorat,
1048 854 1154 909 durum
1173 857 1276 930 putavi

272 954 426 1018 negare,
452 963 517 1000 cum
539 943 661 1011 scirem,
686 955 826 1020 quantam
851 943 962 1003 soleres
984 946 1112 1003 miiitum
1138 948 1275 1022 precibus

300 1039 473 1111 patientiam
490 1039 757 1114 humanitatemque
774 1037 934 1114 praestare.
970 1092 975 1101 ,

536 1195 646 1283 CVIII.
684 1201 857 1249 rualenus
872 1199 999 1248 emmo
1018 1201 1041 1248 u.

350 1337 496 1396 libellum
507 1339 541 1397 Ρ.
554 1339 649 1396 Accii
660 1339 805 1414 Aquilae,
825 1336 1011 1394 centurionis
1020 1335 1156 1394 cohortis
1168 1334 1274 1407 sextae
1359 1407 1365 1420 .

298 1425 562 1508 equestris,'‘quem
580 1433 660 1490 mihi
674 1430 801 1505 misisti,
820 1430 881 1506 legi
887 1451 897 1485 .·
916 1429 1001 1487 cuiue
1014 1428 1154 1504 precibus
1173 1442 1273 1484 motus

255 1537 285 1582 to
298 1525 368 1581 dedi
375 1523 465 1596 filine
482 1525 547 1582 eiuu
562 1525 717 1581 ciuitatem
735 1525 917 1582 Romanum.
953 1521 1101 1581 libellum
1114 1518 1271 1596 rescripti,

297 1638 384 1695 quem
400 1619 450 1676 itti
466 1618 622 1686 redderet,
641 1614 713 1690 inest
729 1616 797 1676 tibi.
875 1637 881 1646 ·

433 1775 511 1832 CIX·
544 1781 574 1830 C·
591 1780 724 1828 PLINIUS
740 1779 894 1828 TRAIANO
911 1779 1132 1830 Iumentum.

347 1925 425 1998 Quid
448 1928 557 1984 habere
577 1928 652 1983 iuris
672 1927 749 1982 veiis
771 1935 801 1982 et
820 1927 962 2007 Bithynae
985 1935 1015 1982 et
1035 1926 1175 1984 Ponticas
1196 1929 1272 1985 civi-

295 2030 373 2077 tates
390 2022 421 2076 iu
441 2021 595 2097 exigendis
614 2021 765 2093 pecuniis,
784 2038 858 2094 quae
876 2020 936 2076 iuis
954 2019 1055 2078 velex
1073 2021 1271 2077 locationibus

217 2112 222 2125 '
251 2124 282 2172 to
296 2114 343 2168 vei
362 2132 399 2169 ex
418 2113 641 2170 venditionibus
658 2112 874 2192 aliisvecaulis
893 2113 1070 2181 debeantur,
1089 2132 1182 2190 rogo,
1204 2115 1270 2172 Do·

294 2209 390 2273 mine,
420 2205 575 2264 rescribas.
611 2205 676 2282 Ego
702 2207 806 2262 inveni
830 2225 848 2261 a
872 2206 1020 2283 plerisque
1048 2207 1270 2282 proconsulibus

294 2300 456 2359 concessam
487 2303 531 2356 eis
558 2301 776 2374 protopraxian
808 2318 930 2375 eamque
961 2317 1016 2373 pro
1047 2301 1268 2378 Iegevaiuiffe.

294 2393 439 2450 Existimo
460 2404 558 2450 tamen
575 2404 625 2451 tua
643 2393 834 2468 providentia
857 2393 1092 2450 constituendum
1111 2393 1222 2469 aliquid
1240 2405 1270 2450 et
1292 2386 1295 2392 ¹

293 2487 502 2555 sanciendum,
533 2507 587 2561 per
609 2489 687 2563 quod
713 2487 893 2543 utilitatibus
917 2503 1019 2542 eorum
1041 2488 1072 2542 in
1096 2495 1267 2562 perpetuum

248 2591 281 2637 20
294 2581 470 2639 consulatur.
511 2581 589 2638 Nam
611 2599 685 2656 quoe
707 2579 831 2636 suntab
852 2580 921 2636 aliia
946 2575 1093 2647 instituta,
1116 2580 1174 2636 tint
1201 2583 1267 2639 iicet

293 2676 440 2750 sapienter
457 2674 590 2742 indulta,
609 2674 713 2730 brevia
730 2682 828 2730 tumen
846 2683 876 2729 et
892 2672 1014 2732 infirma
1029 2671 1113 2742 sunt,
1137 2672 1192 2731 nili
1208 2675 1267 2730 iliis

292 2779 343 2826 tua
360 2769 507 2846 contingit
524 2769 697 2826 auctoritas.

482 2935 484 2940 '
550 2925 614 2986 CX.
652 2931 825 2981 TRAIANUS
839 2931 966 2980 mmo
983 2932 1007 2979 c.

341 3077 409 3154 Quo
428 3075 495 3132 iure
515 3071 561 3129 uti
582 3070 706 3142 debeam
725 3069 881 3150 Bithynae
897 3069 944 3126 vel
961 3068 1108 3127 Ponticae
1126 3067 1266 3124 ciuitates

245 3174 277 3220 25
291 3169 325 3226 iu
342 3169 386 3226 iis
398 3166 555 3244 pecuniis,
574 3184 650 3240 quoe
668 3183 708 3219 eor
726 3169 841 3240 quoque
857 3160 948 3236 causa
966 3149 1014 3219 r'ei
1028 3161 1167 3236 publicae
1181 3160 1266 3216 debe-

290 3263 417 3328 buutur,
444 3280 484 3316 eoo
512 3257 574 3329 lege
602 3254 740 3331 cuiusque
765 3255 1064 3312 otiimoduerteudum
1090 3253 1140 3322 est.
1184 3254 1264 3311 Num

282 3354 351 3427 five
374 3351 483 3411 hubent
499 3349 715 3428 priuilegium,
739 3367 798 3424 quo
822 3349 931 3406 ceteris
956 3332 1158 3404 creditoribus
1182 3363 1266 3404 aute-

1340 2771 1467 2834 contingat

284 3463 455 3527 ponuntur,
472 3443 696 3515 custodiendum
705 3442 761 3512 est.-
778 3441 841 3510 live
852 3459 911 3497 nou
924 3438 1048 3509 habeut,
1068 3439 1101 3497 iu
1113 3440 1265 3498 iniuriam
1367 3436 1370 3446 '

285 3540 482 3618 priuatorum
499 3537 535 3596 id
550 3537 623 3608 dori
639 3555 659 3593 a
676 3555 723 3594 me
741 3555 801 3594 nou
818 3534 976 3612 oportebit.

356 3815 436 3863 CVII.
454 3815 478 3864 5.
495 3822 603 3878 quantum
621 3818 670 3865 TC.
689 3819 755 3882 (non
775 3819 828 3866 BR.
847 3815 936 3882 seqq.)
963 3819 1055 3866 CVIII.
1073 3820 1097 3866 8.
1115 3832 1163 3864 om.
1181 3818 1264 3864 eohor-

288 3885 319 3930 tit
350 3886 379 3931 Τ.
414 3885 480 3946 (non
513 3887 566 3934 BR.
598 3888 687 3952 Seqq.)
718 3891 857 3935 centurionis
880 3887 962 3948 sextae
990 3890 1111 3936 cohortis.-
1142 3900 1207 3946 quem
1236 3885 1263 3934 C.

288 3953 354 4001 clx.
384 3953 422 4002 tt.
455 3969 486 4000 ee
511 3957 581 4004 locat.
605 3971 653 4004 om.
677 3961 714 4004 oet
735 3959 763 4005 C.
794 3959 858 4017 (non
882 3957 949 4017 ΒΤ.)
975 3959 1017 4004 22.
1037 3955 1165 4015 contingit]
1192 3954 1263 4004 BTL.

289 4016 528 4083 conunguotttsu.
564 4027 616 4072 CX.
635 4026 676 4073 24.
694 4029 743 4073 iure
756 4027 805 4087 uti]
825 4027 875 4073 Tc.
894 4028 965 4089 Seqq.
981 4041 1029 4073 om.
1048 4027 1089 4071 uti.
1103 4025 1131 4070 B.
1158 4025 1198 4070 25.
1217 4026 1263 4086 iic]

288 4089 399 4140 RAst‘t..
417 4092 538 4140 uuBoT.
556 4094 781 4156 .2I.fioekobeo1]
800 4097 934 4143 BTuAst.
952 4095 977 4156 fi
993 4094 1137 4142 taientou.
1163 4095 1204 4144 28.
1216 4094 1264 4152 siue

288 4171 335 4206 noe
347 4161 445 4223 iniecit]
463 4161 598 4210 Buttnsu.
615 4163 642 4224 fi
657 4179 712 4212 uero
726 4175 773 4211 non
789 4166 873 4213 babent
889 4161 945 4213 oF.
