3440 4992
567 555 668 614 ttrtnn
686 573 754 612 cum
773 553 913 630 epistolae
935 552 1123 628 Lycormae,
1150 573 1223 630 quas
1247 553 1396 626 detinere,
1421 565 1455 614 ut
1479 567 1548 614 ante

568 647 719 724 praedixi,
738 648 838 718 nolui,
857 647 970 724 aliquot
988 646 1092 705 diebus
1108 649 1187 705 hunc
1201 648 1331 726 legatum
1345 649 1547 711 antecessurae

569 742 753 801 viderentur.

709 855 779 905 xvt.
813 855 843 904 o.
860 853 993 903 Parmos
1011 853 1165 903 raamno
1183 836 1404 906 ruramrdar.

539 973 556 1022 5
619 945 802 1022 Appuleius,
826 943 973 1010 Domine,
996 943 1097 1010 mlles,
1122 944 1172 1019 qui
1198 943 1239 1000 est
1259 946 1290 1000 in
1310 945 1434 1002 statione
1451 945 1546 1002 Nico·

493 1029 496 1036 ⁴
568 1039 714 1108 medensi,
743 1037 859 1112 scripsit
891 1038 964 1094 mihi
994 1035 1141 1114 quendam
1167 1040 1287 1094 nomine
1317 1037 1544 1105 Callidromum,

569 1152 637 1190 cum
652 1132 834 1198 detineretur
850 1150 866 1187 a
884 1129 1016 1188 Maximo
1032 1143 1061 1188 et
1078 1131 1222 1205 Dionysio
1241 1130 1416 1206 pistoribus,
1436 1131 1544 1207 quibas

569 1243 676 1300 operas
699 1223 765 1281 snas
786 1223 957 1292 locaverat,
982 1223 1144 1301 confugisse
1170 1225 1207 1281 ad
1229 1235 1311 1281 tuam
1333 1223 1457 1286 statuam
1474 1245 1544 1300 per-

569 1319 747 1394 ductumque
773 1315 810 1373 ad
839 1317 1025 1394 magistratus
1052 1317 1211 1386 indicasse,
1241 1317 1359 1374 servisse
1385 1319 1543 1394 aliquando

526 1434 556 1481 1⁰
570 1411 702 1470 Laberio
730 1411 861 1468 Maximo
890 1422 1068 1487 captumque
1094 1430 1111 1467 a
1139 1410 1251 1488 Susago
1277 1413 1308 1468 in
1336 1411 1446 1468 Moesia
1472 1422 1501 1467 ot
1526 1431 1542 1466 a

568 1505 718 1565 Decebalo
731 1507 846 1562 muneri
861 1504 976 1560 missum
990 1506 1123 1572 Pacoro,
1142 1505 1280 1560 Parthiae
1293 1507 1373 1579 regi,
1392 1504 1544 1580 pluribus-

569 1619 625 1676 que
644 1601 730 1656 annis
749 1601 779 1656 in
797 1597 960 1654 ministerio
984 1600 1048 1654 eius
1071 1597 1173 1666 suisse,
1197 1597 1302 1654 deinde
1327 1598 1431 1673 fugisse
1456 1609 1546 1675 atque

569 1695 609 1750 ita
628 1695 658 1750 in
676 1692 880 1753 Nicomediam
898 1691 1074 1768 pervenisse.
1112 1691 1208 1764 Quem
1230 1710 1284 1767 ego
1308 1692 1484 1766 perductum
1506 1692 1543 1748 ad

525 1826 531 1839 .
554 1775 630 1853 me,
651 1777 718 1842 'cum
736 1785 839 1842 eadem
856 1784 1014 1852 narrasset,
1034 1785 1210 1841 mittendum
1228 1785 1265 1842 ad
1281 1796 1310 1841 te
1327 1787 1444 1860 putari=
1464 1785 1543 1861 quod

524 1881 656 1956 15paulo
685 1879 799 1936 tardius
829 1879 904 1946 feci,
935 1877 1004 1934 dum
1032 1879 1154 1952 requiro
1183 1896 1343 1952 gemmam,
1372 1897 1461 1954 quam
1488 1877 1543 1936 sibi

567 1973 725 2031 habentem
752 1973 913 2047 imaginem
937 1971 1064 2038 Pacori,
1091 1980 1121 2026 et
1143 1969 1251 2046 quibus
1278 1983 1401 2027 ornatus
1426 1971 1541 2039 fuisset,

566 2064 746 2122 subtractam
764 2063 923 2122 indicabat.
960 2065 1146 2122 Volui‘enim
1163 2066 1240 2120 hanc
1258 2083 1392 2142 quoquc,
1416 2064 1542 2121 siinve-

565 2161 626 2214 niri
648 2157 801 2234 potuisset,
826 2157 912 2243 fi¹¹¹¹V
933 2161 1065 2226 mittere,
1089 2158 1164 2214 sicut
1180 2157 1326 2234 glebulam
1349 2157 1427 2226 misi,
1454 2177 1542 2234 quam

565 2252 593 2308 se
612 2271 648 2308 ex
668 2253 807 2308 Parthico
825 2251 944 2306 metallo
962 2251 1087 2308 attulisse
1112 2249 1239 2307 dicebat.
1277 2251 1400 2328 Signata
1424 2251 1466 2310 est
1488 2271 1544 2308 an-

315 2364 388 2428 m
402 2367 446 2426 οη,
518 2359 552 2406 ao
566 2345 635 2402 nulo
653 2363 737 2413 uteo,
757 2346 841 2402 cuius
861 2343 902 2400 est
919 2342 1156 2418 aposphragisma
1175 2345 1329 2420 quadriga.

700 2457 783 2506 XVII.
818 2458 847 2506 C.
864 2457 999 2523 PLINIUS⁴
1014 2457 1166 2504 TRAIANO
1184 2457 1405 2506 IMPERATORI.

616 2547 794 2614 Maximum,
817 2545 957 2604 libertum
978 2556 1007 2602 et
1027 2545 1253 2620 procuratorem
1269 2557 1368 2614 tuum,
1393 2548 1539 2618 Domine,

555 2659 618 2717 iper
637 2659 723 2697 omne
738 2651 870 2714 tempus,
891 2657 949 2716 qno
962 2639 1071 2696 fuitnue
1089 2658 1164 2706 uua,
1183 2637 1314 2714 probum
1325 2652 1354 2696 et
1366 2641 1541 2699 industrium

513 2787 514 2790 ,
564 2745 594 2791 et
611 2733 782 2809 diligentem
799 2751 834 2789 ac
851 2733 927 2790 sicut
943 2735 989 2789 rei
1003 2743 1071 2788 tuae
1090 2732 1334 2800 amantissimum,
1353 2736 1393 2791 ita
1410 2735 1541 2810 discipli-

517 2805 620 2894 annae
644 2827 860 2886 tenacissimum
883 2823 1040 2900 expertus,
1067 2824 1195 2882 libenter
1219 2827 1298 2901 apud
1321 2837 1349 2882 te
1365 2827 1539 2885 testimonio

563 2923 727 2999 prosequor
745 2941 778 2978 ea
796 2918 871 2988 fide,
890 2939 979 2996 quam
994 2918 1049 2976 tibi
1068 2917 1170 2978 debeo.

689 3035 786 3083 XVIlI.
822 3036 850 3084 C.
868 3035 999 3082 PLINIUS
1016 3033 1170 3095 rpnlatto
1187 3031 1408 3082 lmranaront.

613 3121 743 3179 Gabium
760 3122 896 3190 Bassum,
915 3123 1058 3192 Domine,
1077 3123 1266 3196 praesectum·
1278 3139 1348 3178 orae
1368 3123 1471 3192 Ponti,
1490 3127 1539 3182 in-

561 3226 692 3290 tegrum,
716 3216 857 3292 probmn,
882 3215 1073 3281 industrium,
1098 3226 1185 3292 atque
1200 3217 1279 3270 inter
1297 3213 1350 3272 ista
1369 3217 1540 3275 verentissi-

466 3313 473 3322 ’
504 3327 549 3374 Ὶ30
562 3329 643 3365 mum
659 3311 717 3367 mei
735 3320 892 3385 expertus,
914 3321 985 3366 voto
1008 3314 1122 3384 pariter
1146 3320 1176 3366 et
1194 3307 1336 3384 suffragio
1357 3311 1538 3386 prosequor,

562 3419 596 3459 ea
613 3401 690 3472 fide,
710 3423 799 3480 quam
814 3402 870 3460 tibi
887 3401 998 3472 debeo,
1023 3390 1128 3470 adea,
1153 3419 1229 3478 quae
1246 3401 1359 3476 speret,
1385 3421 1474 3481 quem
1489 3406 1538 3462 in-

560 3543 867 3566 Ἢ

627 3631 682 3678 XV.
699 3634 723 3678 2.
737 3635 790 3679 huic
802 3633 830 3680 T.
850 3634 864 3692 (
865 3646 914 3679 non
928 3629 973 3692 B.)
991 3631 1059 3677 XVI.
1075 3630 1113 3676 to.
1127 3645 1141 3675 a
1156 3627 1261 3690 Stesago]
1278 3629 1306 3678 T.
1322 3631 1393 3694 seqq.
1408 3630 1496 3690 Susago
1508 3631 1537 3678 B.

562 3698 601 3746 lo.
625 3700 721 3760 quidue]
745 3701 843 3748 BTRA.
865 3701 946 3760 quibua
965 3699 1092 3760 infignt'lua
1110 3699 1195 3746 csrt..
1219 3699 1288 3746 Fors.
1307 3703 1377 3747 caina.
1420 3702 1458 3746 18.
1474 3700 1540 3760 ficut

559 3769 645 3818 bullam
661 3769 688 3814 Ο.
716 3770 756 3814 20.
773 3783 821 3816 orn.
837 3768 869 3829 eja
886 3769 1000 3816 Sebaefer
1019 3775 1105 3815 contra
1120 3769 1181 3816 Edd.
1197 3783 1271 3818 meae.
1289 3767 1371 3816 XVII.
1401 3771 1442 3816 22.
1459 3770 1538 3830 taam]

559 3836 691 3886 cnnsrt..
722 3851 796 3882 aarum
825 3837 877 3884 BT.
902 3838 949 3898 Ep.
976 3837 1058 3883 XVII.
1085 3853 1139 3886 cum
1165 3837 1212 3898 Ep.
1239 3837 1335 3888 XVlll.
1361 3839 1462 3898 Iungunt
1485 3839 1537 3886 BT.
1567 3886 1570 3896 ,

558 3905 654 3952 XVlll.
674 3906 714 3951 28.
737 3906 836 3952 Gadium
855 3905 967 3967 Baffum]
986 3907 1097 3953 nasta.
1137 3906 1160 3954 C.
1176 3905 1270 3968 Baffum
1286 3907 1314 3954 B.
1349 3907 1458 3952 Gallim
1475 3907 1538 3966 Bas-

550 3975 605 4034 sum
624 3974 673 4021 TC.
710 3974 745 4020 lb.
765 3975 854 4034 Ponti]
873 3975 1008 4026 BTans.
1026 3977 1139 4022 Ponticae
1154 3975 1203 4022 Fi..
1238 3977 1280 4021 sl.
1298 3989 1363 4034 quem
1377 3977 1409 4020 ad
1421 3990 1462 4028 ea,
1480 3992 1537 4036 qnae

550 4042 644 4100 speret,
669 4039 752 4103 iussn]
782 4044 810 4090 B.
833 4058 900 4102 quom
926 4060 952 4089 ea
975 4059 1032 4102 qaae
1051 4043 1133 4102 speret
1154 4043 1220 4102 insse.
1245 4045 1274 4090 T.
1301 4058 1367 4102 qaam
1391 4044 1435 4088 silai
1458 4047 1535 4092 dedeo.

561 4109 585 4154 C.
605 4112 747 4158 PLINIUS
764 4111 917 4157 TRAIANO
932 4113 1005 4159 IMI'.
1023 4113 1046 4158 S.
1081 4114 1177 4158 Fabium
1196 4113 1312 4162 Valentem
1327 4111 1460 4169 ominatum
1474 4129 1536 4160 com-

556 4181 643 4224 militr'o
664 4186 703 4226 tuo
721 4182 786 4226 aralrle
800 4181 974 4246 prodoeucuinr
991 4181 1078 4227 alurede
1096 4196 1121 4227 aa
1139 4195 1195 4242 quae
1210 4181 1292 4246 spem
1312 4173 1376 4242 infir.
1395 4182 1449 4230 ΒΑ.
1470 4199 1536 4245 quem

557 4247 644 4292 adoratio
663 4248 773 4310 cormacus
791 4247 856 4308 infir.
875 4251 940 4296 SFL.

1328 4437 1545 4456 Ἦ
