3440 4992
1440 276 1527 398 ⁸lX

219 483 336 550 fueriti
358 481 521 552 Multum
532 485 694 565 interest,
709 505 770 554 res
787 485 853 564 (tel
868 487 1022 580 tempus)¹
1030 499 1251 580 poscat‚-un
1264 483 1429 559 homines
1447 492 1531 560 iure

222 579 278 646 uu·
295 576 408 648 latius
424 576 574 664 uelint5)
594 579 755 664 pellimnnr
776 591 887 644 contra
907 583 968 644 elle
987 581 1231 662 supplementum
1253 605 1337 646 nnnc
1353 597 1531 664 receptum,

223 691 274 739 an
284 667 447 738 homines
459 671 644 762 imperare
655 669 768 739 latius
781 670 909 756 nelina·
925 673 950 736 li
963 673 1277 758 quidempraesectns
1289 685 1367 740 orae'
1375 677 1533 742 Ponticae

215 764 348 858 ³minime
369 763 586 852 imperabat.

206 915 208 920 ,
270 938 271 942 ¹
306 860 371 940 Ep.
400 858 566 920 XLVllI.
597 857 824 948 parietes-
851 894 891 910 -
922 857 1090 948 imperata
1116 880 1232 924 onera
1251 859 1442 938 sustinere*
1460 883 1534 926 non

219 949 337 1040 paffe,
359 949 449 1038 quia
457 951 537 1025 sint
557 961 742 1015 caemento
762 947 876 1014 medii
889 949 991 1027 farti
1017 973 1083 1017 nec
1108 955 1264 1030 testaceo
1291 973 1400 1044 opere
1417 974 1534 1044 prae-

227 1039 366 1121 cincti]
418 1043 538 1106 Veram
570 1043 651 1104 hauc
680 1045 741 1106 elle
769 1043 846 1106 Aldi
873 1041 1040 1107 lectionem
1072 1055 1202 1126 apparet
1232 1063 1272 1107 ex
1299 1044 1407 1107 verbis
1436 1045 1536 1126 Plinii

180 1158 184 1167 ¹
225 1132 355 1197 maioris
376 1135 420 1196 H.
436 1135 479 1197 N.
495 1135 551 1209 36,
567 1135 621 1207 22,
636 1136 687 1198 51.
708 1157 725 1196 a
741 1134 886 1216 Gierigio
904 1135 1026 1200 allatis:
1050 1133 1196 1202 Medios
1207 1135 1374 1226 parietes
1385 1136 1536 1214 farcire

218 1225 360 1304 fractis
373 1225 572 1292 caementis
588 1223 955 1314 ‹liumicton'uocant5
972 1226 1112 1296 medios
1128 1227 1204 1292 dicit
1215 1229 1383 1318 parietes
1389 1229 1537 1306 sarcire
1556 1223 1558 1236 '

227 1339 293 1384 non
325 1316 458 1384 media.
508 1319 666 1382 Sententia
697 1331 798 1382 antem
824 1323 903 1382 haec
931 1325 1000 1384 eit:
1044 1321 1161 1401 „medii
1190 1343 1258 1384 cnm
1286 1319 1347 1384 lint
1373 1333 1535 1386 caemento

229 1409 355 1492 quidem
375 1407 470 1488 farti,
499 1407 533 1474 id
552 1413 613 1485 en,
638 1422 673 1473 nt
693 1423 779 1474 recte
801 1411 981 1496 Gierigius,
1008 1407 1166 1500 lapidibus
1192 1412 1339 1488 rudibus,
1366 1413 1538 1496 impolitis,

184 1502 186 1508 ’
229 1525 289 1569 nec
309 1517 411 1568 tamen
427 1505 563 1568 testaceo
584 1525 682 1584 opere
702 1503 891 1585 praecineti,
910 1527 1008 1572 onera
1028 1505 1174 1593 sustinere
1195 1505 1254 1568 vix
1271 1518 1438 1586 poterunt,
1466 1529 1537 1569 cum

231 1607 422 1660 caementum
450 1597 489 1657 ab
516 1593 565 1658 his
594 1595 691 1658 nimio
716 1599 855 1676 pondere
880 1601 1014 1679 prelium
1040 1621 1099 1662 nec
1125 1598 1339 1680 praecinctum
1363 1599 1394 1661 in
1422 1613 1539 1662 utram-

232 1711 295 1773 que
315 1701 435 1770 partem
453 1687 604 1768 paulatim
626 1688 765 1753 discedat
784 1692 907 1753 uerene
926 1691 977 1757 Iit.
1018 1693 1130 1757 Pravo
1151 1689 1282 1756 conlilio
1305 1706 1537 1776 corruperunt:

233 1781 417 1872 quiastne
436 1790 622 1846 caementa
641 1777 760 1846 medio
773 1779 886 1858 farti.
995 1835 997 1840 ,

294 1871 378 1954 Ἑρ.
409 1873 490 1936 LX.
541 1873 629 1936 Inter
661 1872 792 1956 inlignia
826 1873 1105 1958 interpolationem
1139 1876 1282 1958 exempla
1314 1875 1379 1938 hoc
1412 1896 1542 1960 qnoque

184 1966 188 1972 '
232 1964 456 2032 referendum:
493 1960 729 2031 Praeivimus
756 1975 792 2031 et
820 1965 1123 2034 commilitonibus
1151 1963 1417 2034 iusiurandum*
1439 1987 1544 2032 more

227 2055 400 2138 sollemni
418 2055 695 2146 praestantibus
721 2067 756 2122 et
770 2056 1079 2148 prouincialibuS,
1108 2059 1172 2150 qui
1198 2055 1328 2126 eadem
1352 2067 1544 2124 certarunt

229 2151 389 2243 pietate,
411 2146 620 2220 iurantibus
640 2169 700 2230 pro
721 2149 820 2214 Plinii
841 2172 951 2214 manu:
977 2147 1212 2217 Praeivimus
1231 2161 1266 2216 et
1287 2146 1544 2215 commilitoni-

235 2241 302 2309 bus
322 2237 582 2307 iusiurandum
600 2243 704 2308 more
717 2239 906 2330 sollemni,
928 2240 1057 2330 eadem
1065 2238 1357 2335 prouincialibus
1372 2241 1544 2308 certatim

231 2331 373 2427 pietate
393 2332 612 2402 iurantibus.

316 2427 380 2508 Ep.
396 2427 528 2490 LXIV.
563 2423 650 2492 [deo
668 2437 724 2502 tu,
746 2423 916 2513 Domine,
932 2423 1169 2505 consulendus
1175 2425 1301 2512 fuisti,
1323 2423 1416 2516 quid
1430 2423 1546 2500 obser-

238 2540 328 2586 uare
352 2539 411 2584 me
441 2515 572 2595 uelles,
606 2529 686 2583 tam
713 2515 881 2594 hercule,
916 2538 1030 2608 quam
1056 2517 1099 2586 de
1129 2517 1193 2599 iis]
1236 2521 1290 2582 Ex
1322 2541 1388 2582 mea
1419 2519 1545 2600 quidem

20 2649 24 2656 ·
134 2637 138 2642 ·
241 2611 396 2694 opinione
416 2611 494 2676 nihil
511 2611 563 2674 hic
584 2611 717 2686 excidit,
738 2633 808 2672 cum
829 2608 979 2674 facillime
1000 2611 1196 2699 cogitatione
1216 2611 1410 2692 suppleatur,
1433 2605 1550 2699 „quid

239 2703 430 2780 observare
456 2725 513 2770 me
539 2700 646 2770 uelles
666 2703 698 2766 in
718 2703 872 2767 eiusmodi
892 2702 1057 2786 relegatis,
1078 2703 1252 2786 dequibus
1274 2705 1368 2766 modo
1391 2697 1547 2782 leripli:“
1628 2706 1632 2716 '

239 2795 454 2862 Nihilominus
475 2795 611 2882 Aldinus
632 2795 736 2860 editor
755 2794 979 2878 interpolavit:
1010 2805 1088 2860 tam
1107 2791 1254 2862 hercule
1275 2793 1318 2861 de
1338 2791 1413 2871 his,
1435 2813 1550 2884 quam

241 2886 286 2955 de
307 2885 392 2956 illis.
1062 2947 1065 2951 .
1410 2900 1417 2912 '
1471 2903 1473 2906 ·

319 2983 385 3064 Ep.
408 2981 536 3045 LXVI.
577 2981 613 3044 ln
635 2980 739 3043 edicto
760 2980 805 3044 D.
827 2978 1050 3044 Nervaehuic
1073 2975 1222 3060 epilto'lac
1244 2977 1385 3042 subiecto
1408 2973 1567 3045 incredi-¹

239 3071 317 3136 bilia
339 3077 409 3136 aula
431 3077 475 3136 elt
497 3073 759 3152 interpolatorum
780 3072 955 3148 temeritas,
981 3087 1016 3137 ut
1039 3067 1192 3135 neminem
1216 3093 1315 3134 meam
1336 3069 1549 3134 recensionem
1636 3107 1638 3114 ‹

241 3189 311 3228 cnm
333 3165 537 3253 Longoliana
557 3165 745 3228 collaturum
767 3164 889 3228 latebit.
964 3209 967 3218 s
1464 3187 1467 3192 ·

320 3260 387 3340 Epi
409 3259 559 3322 LXXV.
582 3253 818 3336 relaxentur]
851 3259 986 3322 Temere
1014 3267 1163 3320 mutatum
1185 3261 1229 3322 est
1255 3255 1286 3318 in
1319 3262 1553 3346 reparentur.
1640 3263 1643 3272 ’

242 3349 371 3414 Scilicet
393 3349 550 3433 lignilicat
577 3345 830 3431 „amplientur,“
860 3349 1061 3432 referturque
1086 3351 1126 3411 ad
1152 3352 1321 3412 exhedram
1349 3359 1380 3410 et
1407 3345 1551 3427 porticus

242 3428 338 3527 patilo
359 3447 430 3524 post
450 3455 650 3508 memoratas.

265 3569 267 3576 ⁴
320 3534 406 3600 lbid.
428 3532 545 3600 multa
559 3531 786 3618 Polyaenum
804 3531 842 3596 in
856 3529 1006 3598 eundem
1023 3529 1151 3600 doinus
1165 3543 1338 3600 ornatum
1351 3527 1551 3620 reliquiffc]

245 3629 397 3700 eundem
423 3627 570 3691 videlicet
596 3649 665 3689 cunr
690 3645 748 3700 eo,
779 3646 873 3707 quem
893 3645 956 3708 ego
977 3647 1061 3688 nune
1081 3618 1253 3708 parandum
1274 3628 1397 3688 censeo.
1440 3621 1554 3706 Friget

243 3723 506 3803 interpolatorum
529 3721 567 3786 in
587 3715 746 3785 eiusdem
767 3715 895 3782 donnus
914 3727 1098 3783 ornatum.
1212 3741 1213 3748 ¹
1453 3741 1458 3752 ·

243 3849 246 3860 ·
324 3818 389 3896 Ep.
414 3815 579 3876 LXXVI.
621 3809 788 3891 lnligniter
814 3813 921 3874 rursus
948 3823 1132 3890 corruptum
1157 3811 1199 3873 elt
1223 3806 1344 3872 initium
1368 3804 1461 3869 huius
1485 3802 1553 3885 cpi·
1633 3879 1640 3898 Ι

244 3909 360 3972 ltelaez
389 3901 643 3972 Permittimus
665 3900 765 3992 apzul
782 3897 976 3978 Prusenses
995 3901 1034 3965 in
1058 3921 1149 3966 area
1171 3899 1260 3984 ista,
1289 3919 1402 3988 quam
1421 3915 1555 3963 uacare

234 3997 394 4082 scribis,
431 3995 713 4075 exstructionem
748 3989 894 4060 balinei.
953 3989 1007 4057 Tu
1043 3989 1136 4057 illud
1167 4005 1229 4058 cet.
1262 3991 1321 4054 in:
1365 3986 1554 4066 Poffumus

248 4090 347 4180 apud
368 4088 562 4166 Prusenses
586 4106 679 4151 area
704 4085 773 4162 ista
793 4105 875 4148 cum
899 4082 1004 4150 darno
1028 4079 1192 4172 collapsa
1218 4119 1258 4130 -—
1282 4116 1321 4130 -
1348 4119 1387 4134 ·-
1414 4077 1466 4144 ad
1488 4099 1583 4143 esc-r

240 4183 481 4264 structionem
502 4176 639 4245 balinei
661 4177 726 4245 uti.
765 4172 868 4241 Illud
892 4189 955 4242 cet.
997 4174 1121 4241 Vitium
1142 4176 1235 4242 fluxit
1257 4197 1296 4240 cx
1322 4193 1434 4239 errore
1458 4184 1554 4254 typo-

226 4293 227 4300 *
248 4273 404 4360 graphico
424 4271 572 4338 editionis
592 4273 644 4336 Io.
666 4271 704 4333 de
726 4267 874 4336 Tridino.
