3440 4992
200 307 1204 344 *mm-udm-

266 489 325 554 est,
350 497 384 545 ut
405 497 438 546 ta
458 489 633 545 libratorem
650 487 699 544 vet
719 487 929 553 architectum,
950 477 980 539 ‘ti
999 481 1057 541 tibi
1075 479 1243 549 videbitur,

216 603 218 610 ·
265 587 382 654 mittas,
413 583 464 660 qui
482 585 642 660 diligenter
657 581 809 657 exploret,
834 579 910 636 sitne
933 579 1014 634 lacus
1037 577 1128 634 altior
1149 573 1244 644 mari,

266 699 352 756 quem
371 681 499 736 artilices
517 681 649 754 regionis
669 679 754 734 huius
770 675 967 752 quadraginta
982 673 1091 730 cubitia
1108 672 1245 729 altiorem

267 774 325 830 elsa
346 775 540 834 contendunt.
581 773 646 850 Ego
667 789 721 848 pec
745 771 849 826 cadem
869 769 933 826 loca
959 763 1082 824 inre'nio
1102 765 1206 824 soslam
1229 786 1245 820 e

238 883 337 948 orege
367 867 550 946 percussam:
581 866 630 923 sed
654 869 818 936 incertum,
854 873 956 919 utrum
983 863 1021 917 ad
1048 862 1247 939 colligendum

267 967 420 1020 humorem
436 963 708 1020 circumiacentium
723 979 877 1036 agrorum,
897 977 936 1014 an
952 958 989 1014 ad
1002 953 1245 1016 commitendam

267 1055 384 1113 flumini
396 1055 506 1123 lacum3
525 1055 567 1112 est
579 1057 658 1112 enim
674 1054 859 1130 imperiecta.
895 1052 964 1111 Hoc
977 1067 1094 1128 quoque
1110 1051 1248 1118 dubium,

267 1153 435 1224 intercepto
455 1168 527 1228 rege
545 1150 743 1216 mortalitate,
769 1167 807 1204 an
828 1145 986 1222 desperato
1008 1148 1109 1218 operis
1129 1143 1247 1204 eliceto.

268 1243 326 1298 Sed
345 1246 402 1301 hoc
419 1242 482 1318 ipso
508 1244 605 1312 (seres
622 1247 702 1300 enim
718 1261 766 1299 me
784 1241 971 1312 ambitiosum
991 1259 1048 1318 pro
1064 1251 1116 1297 tue
1134 1241 1291 1318 gloriati(

222 1353 254 1398 ιο
266 1338 377 1394 incitor
394 1347 424 1394 et
441 1338 605 1404 accendor,
623 1347 656 1396 ut
674 1339 792 1411 cupiam
811 1338 916 1414 peragi
936 1355 953 1392 a
974 1345 1021 1406 te,
1040 1353 1116 1412 quac
1133 1344 1247 1392 tantum

267 1442 428 1506 coeperant
445 1449 542 1511 reget.
559 1471 561 1474 -

536 1561 595 1611 tt..
617 1559 792 1610 TRAIANUS
807 1559 934 1608 Fumo
951 1559 975 1608 S.

317 1664 419 1739 Potest
437 1685 493 1723 noa
506 1665 682 1740 sollicitare
699 1666 785 1724 laeua
810 1665 877 1734 rste,
901 1681 932 1722 ut
950 1663 1139 1724 committere
1163 1661 1249 1736 illam

267 1761 351 1818 mari
367 1760 515 1818 velimus:
524 1759 583 1834 sed
595 1760 686 1836 plane
703 1749 925 1838 exploraiedum
945 1759 1180 1832 est'dilt'gemer,
1198 1779 1248 1825 ne,

223 1860 253 1906 15
265 1853 294 1923 [ἱ
311 1853 485 1928 demissus
471 1873 504 1912 ιιι
522 1875 608 1912 mare
616 1855 736 1928 licerit,
755 1871 835 1914 totus
853 1851 973 1926 effluam
989 1863 1086 1920 terte,
1105 1867 1250 1928 quantum

1419 362 1457 424 19

1272 465 1496 484 affl·-

1280 1244 1358 1306 (Ieree
1376 1245 1439 1294 enim
1454 1260 1493 1294 me

1271 1315 1440 1375 ambitiosum)
1453 1329 1501 1376 pro

267 1963 416 2050 aprorum
434 1963 462 2004 et
480 1949 555 2004 aride
578 1948 724 2022 accipiat.
761 1949 885 2007 Poteris
907 1968 926 2004 ιι
947 1946 1115 2022 Calpurnio
1137 1947 1250 2004 Macro
1338 1966 1343 1976 ·

94 2036 122 2054 ..
222 2020 365 2151 pt&
390 2041 592 2100 libratorem
603 2059 651 2100 ρῑ
679 2062 733 2116 ego
761 2035 834 2098 hinc
865 2040 998 2116 aliquem
1029 2039 1089 2097 eibi
1113 2041 1250 2116 peritum

267 2119 421 2193 eire'dmodi
438 2155 561 2210 opernm
579 2135 713 2195 minam.

420 2266 476 2316 LII.
512 2269 540 2316 0.
558 2269 691 2318 PLINIUS
709 2271 862 2320 TRAIANO
880 2267 1103 2320 IMPERATORI.

221 2376 255 2424 ιθ
319 2373 497 2449 Requirenti
522 2376 594 2430 mihi
617 2375 832 2450 Byzantiorum
855 2378 900 2434 rei
926 2377 1061 2450 publicae
1081 2353 1251 2452 impendia,

245 2513 249 2522 .
268 2485 343 2542 quae
362 2469 492 2525 maxima
510 2467 598 2536 lecit,
624 2469 788 2528 indicatum
807 2469 867 2539 est,
893 2470 1042 2539 Domine,
1067 2471 1196 2549 legatum
1214 2473 1251 2528 ad

268 2571 298 2630 te
315 2559 502 2622 salutandum
520 2564 605 2620 annis
624 2565 761 2630 omnibus
780 2571 846 2622 co'm
864 2562 1058 2638 psephismate
1074 2567 1155 2629 mitti
1168 2567 1252 2640 eique
1333 2602 1335 2606 ·
1414 2618 1415 2626 ,

269 2654 336 2710 daci
360 2672 547 2714 nummorum
574 2655 711 2712 duodena
735 2657 827 2714 milla.
865 2656 985 2714 Memor
1008 2675 1081 2735 ergo
1105 2657 1253 2734 propositi

269 2739 313 2802 tui
331 2748 458 2822 legatum
478 2749 597 2826 quidem
614 2749 818 2818 retinendum,
837 2749 1002 2824 psephisma
1019 2763 1117 2808 ιιιιειιι
1131 2756 1254 2810 mitten-

222 2855 255 2908 25
270 2841 339 2898 dum
361 2843 481 2914 putavi,
507 2851 540 2898 ut
557 2839 641 2898 simul
661 2849 690 2895 et
707 2839 838 2916 sumptus
860 2845 1012 2902 levaretur
1032 2856 1062 2900 et
1079 2845 1254 2921 impleretpr

228 2935 419 3018 publicum
443 2935 582 2991 officium
625 2919 732 2991 Eidem
755 2939 878 3002 civitati
906 2941 1051 3012 imputata
1075 2937 1142 2998 suot
1167 2949 1253 3009 terna

270 3027 368 3096 milia,
394 3047 469 3103 quae
490 3030 595 3084 via'tici
614 3031 733 3084 nominc
751 3049 847 3086 anniae
872 3026 1022 3088 dabantur
1047 3032 1146 3111 legato
1173 3035 1254 3088 eunti

271 3121 308 3175 ad
333 3140 415 3196 eum,
435 3123 485 3198 qui
506 3121 639 3178 Moesiae
657 3121 788 3196 praeest,
806 3125 923 3198 publice
941 3123 1135 3184 salutandum.
1171 3127 1255 3184 Haec
1354 3111 1358 3118 ¹

271 3217 376 3290 agoin
392 3207 540 3288 posterum
556 3217 796 3298 circumcidenda
813 3217 995 3281 existimavi.
1032 3219 1094 3288 Te,
1115 3223 1255 3288 Domitio,

225 3329 258 3374 30
272 3325 363 3384 rogo,
388 3320 435 3374 ut,
462 3311 531 3384 quid
555 3309 681 3368 sentiae.
708 3310 901 3368 rescribendo
920 3324 971 3368 aut
988 3311 1142 3372 consilium
1159 3333 1257 3372 meum

256 3402 453 3459 confirmare
472 3413 523 3458 aut
542 3422 676 3460 errorem
694 3399 852 3460 emendare
873 3406 1017 3482 digneris.

532 3531 602 3580 LIII.
640 3535 814 3582 TRAIANUS
829 3535 956 3582 PLINIO
973 3536 996 3582 S.

324 3633 447 3714 Optime
450 3635 575 3710 fecesti
589 3639 721 3696 Secunde
733 3637 842 3712 conss
829 3661 905 3709 me
919 3641 1056 3700 duodena
1065 3637 1123 3715 csta
1131 3643 1260 3740 Byzpn-

272 3730 344 3798 ties,
368 3750 445 3806 quae
443 3727 505 3787 ad
519 3730 712 3841 salutandum
727 3755 775 3790 me
792 3738 826 3792 in
842 3735 973 3809 sagorum
994 3709 1258 3814 impendebantur,

271 3883 587 3901 n-—a-——n—-u

342 3989 366 4035 8.
394 3991 462 4046 operi
483 3991 567 4050 affectu
590 3993 619 4040 T.
643 3993 710 4052 (non
738 3993 785 4052 B.)
809 3995 849 4042 LI.
879 3997 918 4044 15.
951 3997 1075 4059 demiffiee]
1101 3999 1129 4047 C
1154 3999 1260 4061 dimiffio

274 4053 325 4100 ΒΤ.
351 4058 463 4116 immiffua
484 4061 596 4108 RtsFL.
633 4063 689 4109 LII.
713 4065 754 4110 21.
773 4063 888 4123 facile.
911 4068 1005 4116 Placet.
1038 4069 1079 4114 22.
1089 4068 1257 4126 filcmadtss.

275 4127 447 4174 emendatum
439 4143 489 4174 ram
503 4129 569 4176 in'l'.
597 4131 875 4192 ilhsmulsumpmel'
906 4137 1117 4195 29.Nccego'1¹
1136 4139 1258 4202 (nooB.)
