3440 4992
154 249 155 254 ,
159 243 161 250 v

154 260 157 267 a

14 399 20 412 '
147 416 153 468 r

67 1253 70 1257 .
195 1155 230 1260 lsi
248 1200 338 1260 sunt:

176 229 282 366 'tur

276 453 319 520 C.
360 451 736 522 CATANAEANAE.
777 455 956 524 Mediolani
981 459 1032 526 Μ.
1053 459 1185 526 D..v1.
1227 531 1231 540 ,

274 550 318 614 R.
358 545 700 612 RHENANIANAE
723 545 792 612 sive
812 549 1023 618 ALDINAE
1044 553 1239 626 PRIORIS.

275 640 320 706 A.
362 639 574 706 ALDINAE
596 639 912 708 POSTERIORIS.

275 735 312 799 S.
354 730 684 796 SICARDIANAE.
724 733 881 810 Basileae,
903 735 947 799 A.
971 733 1147 804 Cratander
1166 737 1219 804 M.
1241 732 1290 825 Da
1308 741 1426 810 XXX.

274 825 317 892 F.
358 825 694 890 FROBENIANAE
716 825 789 889 anni
810 827 862 892 M.
885 829 928 894 D.
952 829 1030 892 LII.

261 920 321 982 ⁴L.
362 915 705 994 LONGOLIANAE
725 918 791 982 sive
813 917 1100 986 CORTIANAE.
1163 983 1165 990 .

275 1009 676 1076 Gesnero·Schaelerianae
697 1031 791 1074 curae
813 1011 949 1074 varietas
971 1012 1105 1096 margini
1124 1015 1267 1095 apposita
1287 1021 1340 1084 est.

275 1102 360 1166 Loci
385 1103 495 1166 harum
520 1099 738 1184 epistolarum,
762 1103 800 1164 de
824 1103 939 1186 quibus
960 1103 1060 1170 fusius
1084 1105 1298 1188 disputandum
1320 1109 1505 1188 videbatur,

201 1340 205 1348 .
275 1289 341 1369 Ep.
357 1285 439 1351 ΧΠ.
470 1283 581 1352 Terin
598 1287 657 1350 hac
670 1283 800 1393 epistolp
815 1285 991 1352 Catanaeus
1005 1290 1170 1356 M.D.VI.
1188 1289 1393 1372 interpolavit
1407 1261 1507 1358 Plinii

198 1383 316 1456 verba;
346 1381 409 1444 duo
429 1376 496 1444 sius
511 1391 639 1458 peccata
655 1392 830 1462 propagata
852 1383 921 1444 sunt
940 1403 1040 1466 usque
1055 1385 1105 1468 aad
1117 1405 1196 1448 nos:
1227 1382 1408 1464 adfinem
1428 1407 1508 1460 con-¹

189 1471 337 1558 sudatus
366 1491 428 1554 pro
457 1467 616 1551 adfinem
647 1471 744 1558 eius,
784 1470 936 1538 debeam
965 1463 1025 1554 pro
1050 1475 1209 1560 pofflm5
1241 1498 1310 1538 cum
1338 1478 1506 1566 quamuis

196 1564 365 1636 maxime
382 1561 516 1652 pofflm
537 1561 712 1644 significet:
744 1563 792 1640 „si
812 1564 865 1629 vel
884 1565 1019 1630 suasime
1040 1566 1191 1650 pontina
1220 1563 1375 1633 'Tertium
1397 1589 1506 1652 apere

196 1678 258 1741 pro
281 1653 424 1733 referre
444 1653 564 1737 respuit
582 1653 643 1718 iarn
664 1655 781 1720 Aldus.
1320 1661 1323 1666 '
1416 1663 1419 1669 '

203 1795 206 1804 .
274 1750 341 1831 Ep.
367 1748 466 1814 XIII.
492 1822 493 1830 ἵ
518 1743 632 1810 Malim
658 1745 877 1816 tabellarius>
900 1744 1168 1828 Sauromatae,
1199 1751 1318 1816 scilicet
1345 1751 1505 1838 „regis“';

195 1834 266 1908 cunr
286 1841 319 1908 in
338 1843 406 1925 seq.
428 1841 493 1922 Ep.
515 1837 573 1902 sit:
597 1859 671 1907 rese
691 1835 949 1927 Sauromates,
971 1862 1035 1905 non
1057 1844 1305 1923 „Sauromata.“

147 1997 149 2003 ,
274 1935 340 2016 Ep.
361 1931 496 1997 xvtlt.
539 1929 698 1994 Everbis
719 1929 827 2014 utique
848 1931 902 1996 vel
925 1933 1042 1998 mancis
1066 1935 1119 1998 vel
1141 1935 1301 2016 corruptis
1326 1955 1434 2026 quem
1457 1932 1511 2000 ad

171 2046 261 2112 ω,
296 2021 553 2116 quaesper'et,
588 2021 804 2100 instructum
830 2047 888 2105 per
915 2025 1024 2092 varios
1054 2029 1141 2090 casua
1169 2025 1292 2090 tandem
1319 2029 1510 2094 factumest

196 2138 305 2208 ouem
327 2111 470 2182 abunde
494 2113 669 2205 coulpeai
688 2113 921 2204 instructum,
951 2141 1016 2202 quo
1035 2118 1091 2183 vix
1110 2117 1195 2182 aliud
1211 2117 1353 2184 insulsius
1373 2118 1508 2206 excogi-

195 2209 258 2276 tari
285 2218 426 2292 poterat.
472 2205 573 2272 Sensit
600 2203 711 2272 vitium
738 2205 884 2272 lectionis
911 2212 1053 2274 Venetae
1082 2209 1281 2287 Catanaeus3
1311 2214 1365 2275 sed
1392 2211 1508 2296 quovis

195 2302 332 2386 pignore
350 2301 540 2364 contendere
555 2298 646 2374 licet,
667 2299 930 2380 supplementum,
952 2305 1039 2384 quod
1054 2302 1198 2380 exhibet,
1219 2295 1295 2384 ipit,
1317 2326 1382 2368 non
1403 2301 1507 2368 codici
1531 2338 1534 2349 ·

194 2395 318 2460 sincero
343 2391 473 2458 deberi:
502 2389 620 2459 oblitus
644 2394 688 2454 est
708 2389 788 2454 enim
809 2389 945 2460 inserere
965 2415 1067 2460 novae
1087 2396 1158 2460 suae
1177 2395 1326 2476 epistolae
1345 2394 1506 2476 principio

196 2509 231 2552 v.
262 2483 438 2554 domines.
464 2483 501 2548 Io
529 2481 722 2546 Bononiensi
749 2484 886 2550 lectione
912 2485 1063 2556 sententia
1090 2487 1195 2551 saltem
1224 2487 1419 2574 aliquatenus
1447 2487 1508 2568 sabi

136 2655 140 2664 ,
196 2576 373 2653 constabit,
398 2573 454 2640 ubi
474 2575 582 2661 legas:
616 2572 773 2642 Gadium
798 2575 946 2654 Baffum
971 2615 1010 2631 -
1035 2613 1075 2632 -ι-
1093 2577 1277 2662 suffraoio
1301 2583 1507 2670 prosequor

194 2692 240 2744 ea
252 2667 349 2754 fide,
370 2687 484 2764 ouum
504 2665 570 2734 tibi
591 2663 716 2736 debeo:
738 2666 792 2734 ad
807 2690 870 2750 ea,
893 2687 990 2761 quae
999 2673 1144 2762 sperat,
1167 2671 1383 2750 instructum
1402 2685 1465 2736 cet.

274 2765 340 2845 Ep.
362 2762 464 2852 XIX.
488 2757 632 2836 -ecocloi,
661 2769 702 2828 ut
725 2759 800 2840 me]
832 2763 900 2826 scil.
924 2785 965 2840 ex
985 2765 1087 2830 Urbes
1128 2761 1440 2837 Stenostoma,
1464 2786 1506 2828 ex

194 2854 284 2922 cuius
300 2855 381 2922 lect.
403 2851 585 2935 corruptela
605 2852 728 2915 Veneta
750 2852 857 2918 exuit
876 2875 935 2920 me
953 2854 1073 2936 prodiit
1092 2853 1243 2918 Aldinum
1264 2854 1343 2919 illud
1364 2857 1483 2942 cerepi,

158 2999 162 3004 .,
273 2945 358 3012 lbid.
387 2965 509 3011 meum
521 2941 701 3026 oaudt'um
712 2978 753 2995 -
766 2979 804 3000 ·-
817 2940 896 3024 filu
909 2941 1049 3014 bonore
1063 2945 1300 3027 continerem]
1320 2947 1505 3024 Ed..Bon.,

194 3039 227 3104 id
245 3042 309 3103 elta
339 3035 552 3122 „gratissimus
569 3033 629 3102 tibi
649 3038 757 3111 essem,
784 3033 911 3098 silllius
933 3042 1094 3104 dumtaxat
1114 3039 1269 3124 honorem
1290 3037 1426 3122 aliquem
1447 3044 1505 3104 abs

193 3144 224 3212 te
251 3129 427 3204 obtineret;
455 3149 516 3210 pro
540 3139 630 3208 patre
658 3125 738 3199 nihil
760 3149 844 3192 nunc
866 3127 982 3210 peto.“
1023 3132 1152 3194 Turbae
1175 3131 1262 3195 Edd.
1291 3131 1504 3212 posteriorum

194 3221 308 3288 videsis
328 3221 360 3288 in
382 3221 465 3285 Van.
488 3221 606 3284 Lecttr

273 3317 339 3390 Ep.
354 3313 525 3380 XXVIII.
560 3307 741 3380 Hoeetibi
756 3348 797 3366 -·
812 3345 852 3362 -·
869 3349 908 3366 -
929 3310 1081 3394 iuveni]
1122 3314 1209 3378 Haec
1223 3333 1280 3376 vv.
1296 3323 1330 3376 ut
1343 3311 1505 3378 subdititia

194 3409 282 3474 uocis
311 3403 436 3471 inclusit
464 3401 647 3488 Gierigius‚
683 3406 841 3484 probante
872 3405 1059 3468 Schaelero.
1106 3404 1193 3470 Mihi
1221 3403 1328 3486 potius
1356 3405 1504 3470 videntur

193 3499 317 3582 aliquot
345 3501 418 3580 post
446 3495 556 3562 diebus
584 3494 807 3566 codicillorum
835 3497 910 3560 loco
937 3495 1101 3578 prioribus
1132 3496 1253 3561 adiecta
1282 3519 1337 3562 vv.
1365 3495 1503 3589 Quinto

161 3598 164 3602 ’
194 3591 331 3659 decimo
355 3585 440 3656 Kal.
462 3585 606 3656 Octobr.
629 3611 727 3673 usque
749 3588 900 3654 adfinem
921 3587 1083 3669 epistolae.
1124 3589 1250 3652 Etenim
1271 3592 1309 3652 de
1328 3590 1503 3670 interpola·
1605 3591 1610 3600 ’

194 3685 281 3750 tione
303 3684 444 3764 integrae
471 3679 625 3746 eiusmodi
651 3680 819 3748 sententiae
842 3681 874 3743 in
897 3681 957 3742 hac
983 3678 1125 3770 συλλογῇ
1147 3679 1273 3744 minime
1300 3679 1503 3761 cogitandum
1576 3756 1578 3762 Ι

194 3799 282 3842 reor.
324 3772 472 3840 Ernestio
493 3787 607 3839 contra
625 3775 764 3854 suspecta
780 3785 870 3838 orant
887 3793 944 3836 vv.
960 3769 1144 3854 superiora:
1167 3769 1210 3838 id
1224 3775 1291 3851 eli,
1315 3769 1395 3842 XV.
1413 3767 1501 3840 Kal.

195 3866 338 3939 Octobr.

205 4003 208 4012 ,
272 3961 337 4040 Ep.
361 3957 533 4026 XXXIII.
574 3951 737 4024 Multum
759 3954 905 4038 interest
926 3964 960 4022 te
975 3965 1121 4047 poscat,
1153 3975 1203 4020 au
1222 3951 1388 4025 homiues
1407 3952 1445 4020 iu
1457 3955 1502 4037 se

194 4063 234 4120 ut
254 4048 367 4118 taetus
387 4047 528 4129 uelint]
566 4049 637 4114 Etsi
652 4047 757 4112 locum
773 4069 833 4130 pro
852 4061 942 4112 certo
958 4046 1120 4132 restituere
1134 4068 1199 4110 non
1216 4068 1317 4128 queo,
1343 4045 1376 4135 id
1392 4046 1501 4112 videre

193 4143 269 4208 mihi
293 4141 406 4208 videor
431 4141 463 4206 in
488 4151 523 4206 te
547 4141 599 4204 vel
625 4159 684 4207 res
710 4140 808 4203 latere
834 4139 886 4202 vel
911 4150 1071 4228 tempus,
1091 4137 1282 4226 praesertim
1309 4160 1380 4204 cum
1403 4161 1437 4204 v.
1466 4151 1501 4206 te

193 4235 354 4320 excipiant
374 4233 497 4302 litterae
513 4251 605 4325 pos,
629 4231 665 4298 'in
690 4231 729 4302 io
745 4233 809 4310 se,·
830 4229 928 4308 iure,
957 4231 990 4296 in
1014 4237 1177 4300 utentem
1193 4223 1326 4318 verbum
1347 4231 1420 4316 uti3
1447 4234 1500 4326 (pt
