3440 4992
1459 283 1532 360 Vll

219 450 307 532 qnod
326 449 523 530 possumus,
530 447 625 510 hasce
646 424 782 514 scamni
802 442 948 526 epistolas
969 445 1076 517 damus
1097 463 1189 530 quam
1211 423 1507 536 correctisllmar,
1495 469 1529 512 ιιι

219 539 337 624 qulbus
355 539 448 616 etiam
470 537 585 602 multae
600 541 689 614 sunt,
716 557 797 620 quae
824 539 954 602 antchac
979 557 1043 601 non
1070 531 1280 602 habebantur.
1322 539 1385 601 Sed
1411 537 1507 603 tibi
1497 562 1530 604 m

218 632 329 716 primis
349 633 494 696 habenda
514 633 558 694 est
578 583 710 711 plurinia
733 629 855 718 gratia,
882 627 990 693 inclite
1015 623 1178 708 Αιοίιῖ,
1163 630 1218 714 qui
1243 622 1406 713 exemplar
1431 623 1530 714 ipsum

217 723 419 807 epistolarum
443 721 643 804 reportasti
634 744 676 784 ιιι
690 723 811 785 Italiam
838 721 976 806 mihique
1003 719 1128 798 dedisti,
1155 735 1190 786 ιιι
1216 725 1374 786 excusum
1387 722 1530 804 publica·
1608 773 1611 781 s

217 838 304 882 rem:
337 817 620 889 deindelucundo
649 813 846 900 Veronensi,
878 811 950 877 viro
977 813 1168 896 lingulari'
1158 816 1287 901 ingenio
1315 837 1353 878 ac
1373 819 1529 881 bonarum

211 909 391 974 litterarum
418 904 652 981 studiosissimo,
680 909 768 990 quod
794 919 825 969 et
851 909 974 970 easdem
1001 903 1138 970 Secundi
1164 903 1312 988 epistolas
1338 911 1377 971 ab
1399 904 1528 991 eo'ipso

211 999 391 1082 ‘exemplari
412 1021 428 1061 a
448 1002 479 1062 se
504 999 673 1080 descriptas
700 998 732 1061 in
760 998 863 1062 Gallia
891 997 1077 1080 diligenter,
1102 1013 1137 1064 ut
1162 993 1241 1064 facit
1269 999 1389 1076 omnia,
1417 1015 1449 1066 et
1474 1005 1529 1066 Iex
1605 992 1609 1000 ’

216 1094 278 1157 alia
299 1091 456 1155 volumina
479 1091 680 1172 epistolarum
700 1091 813 1174 partim
835 1091 1072 1172 manuscripta,
1093 1092 1205 1174 partim
1224 1091 1366 1173 impressa
1385 1091 1528 1176 quidem,

139 1207 143 1218 ·
215 1189 267 1250 sed
289 1207 357 1248 cum
379 1183 516 1268 antiquis
534 1183 648 1247 collata
667 1183 899 1264 exemplaribus
916 1185 955 1246 ad
971 1206 1018 1246 mc
1035 1184 1098 1265 ipse
1114 1187 1166 1246 sua
1186 1187 1313 1278 sponte,
1335 1206 1415 1267 quae
1433 1183 1528 1268 ipsius

1 1358 3 1365 Ι
124 1269 133 1286 ’“
214 1282 260 1342 est
277 1299 351 1360 erga
371 1277 524 1348 studiosos
543 1297 649 1340 omnes
667 1275 906 1350 benevolentia,
927 1275 1165 1358 apportaverit,
1186 1275 1281 1360 adque
1297 1275 1426 1342 brennro
1444 1291 1528 1353 ante,

215 1393 307 1454 quam
333 1383 367 1432 tu
392 1370 489 1450 ipsum
515 1369 590 1450 mihi
614 1369 775 1450 exernplar
797 1367 1017 1450 publicandum
1044 1367 1233 1434 tradidisses.
1274 1369 1438 1432 Exeunt
1428 1369 1528 1452 rgitur

152 1489 163 1500 ·
214 1465 273 1526 hae
296 1461 393 1525 Plinii
414 1460 617 1542 epistolarem
643 1483 750 1525 manns
778 1461 989 1525 litteratorum
1015 1471 1047 1526 ot
1072 1474 1126 1526 tua
1151 1474 1183 1525 et
1208 1461 1342 1527 Iucuudi
1368 1461 1504 1527 nollri
1492 1479 1527 1556 ιιι

212 1555 287 1618 illos
299 1554 528 1618 benevolentia
553 1551 812 1618 emendatisllmae
834 1565 897 1616 cet.

288 1649 368 1728 Ego
388 1645 648 1739 qnidernAldina
665 1645 774 1726 priore
792 1646 973 1720 destitutus,
994 1643 1147 1723 (alteram
1166 1667 1238 1736 anm
1229 1643 1308 1708 '.M
1326 1645 1371 1709 D.
1377 1643 1525 1714 XVIII.

212 1737 277 1821 ipse
301 1737 429 1812 babeo)
457 1738 523 1801 eius
544 1739 618 1801 loco
640 1736 812 1802 necessario
833 1736 879 1802 uti
900 1735 994 1799 debui
1014 1737 1157 1802 Rhenani
1175 1729 1367 1818 repetitione
1394 1740 1527 1823 Argen-

213 1831 366 1896 torotensi
385 1830 526 1894 annIM.
543 1831 588 1894 D
605 1833 722 1905 xlv„
743 1830 831 1893 cuius
851 1828 883 1892 iu
884 1828 1103 1911 praefatione
1123 1834 1201 1894 haec
1223 1829 1391 1910 leguntur:
1412 1833 1525 1911 „·Mat

143 1927 146 1945 ¹
212 1923 323 1988 thaeus
345 1922 551 1998 Schurerius,
572 1932 797 2004 conterraneus
819 1925 925 1985 noster
946 1959 960 1972 ·
976 1962 992 1974 -
1013 1921 1159 2003 epillolas
1177 1921 1275 1986 Plinii
1290 1881 1428 1994 Secundi
1442 1946 1526 1987 nunc
1551 1948 1573 1994 ι

210 2019 267 2080 sub
291 2016 405 2080 incude
427 2013 537 2090 habet,
563 2037 640 2099 quas
661 2015 730 2078 sere
751 2013 992 2078 adumbilicum
1013 2014 1178 2096 perduxit,
1204 2017 1400 2096 summopore
1428 2037 1526 2080 cona·

211 2121 279 2182 tus,
307 2131 345 2171 ne
366 2110 407 2170 ab
428 2111 600 2188 archetypo
624 2107 744 2169 AIdIno
766 2109 993 2181 transversum,
1015 2107 1102 2188 quo'd
1123 2105 1224 2182 aiunt,
1252 2105 1386 2192 digitum
1407 2108 1524 2188 uspiam

211 2199 413 2264 aberraret.“
454 2201 575 2262 Verum
602 2212 703 2268 autem
728 2201 793 2261 hoc
813 2201 873 2262 esse
891 2211 957 2260 tum
979 2220 1020 2262 ex
1040 2199 1095 2273 iis,
1117 2219 1197 2283 quae
1218 2221 1258 2263 ex
1277 2197 1392 2264 Aldina
1414 2199 1524 2282 priore

212 2311 230 2355 a
252 2289 633 2376 Longolioassernntur,
658 2303 722 2354 tum
744 2313 786 2354 ex
807 2291 923 2354 Aldina
944 2293 1120 2372 posteriore
1141 2291 1302 2373 perspexi,
1328 2313 1409 2376 quae
1428 2291 1524 2358 raris-

147 2427 148 2432 κ
210 2384 300 2458 ιιιιιι,
322 2397 352 2447 et
373 2382 404 2445 in
426 2386 521 2445 rebus
542 2383 665 2466 quidem
688 2382 880 2457 levioribus,
902 2405 919 2445 a
941 2384 1056 2464 priore
1072 2384 1193 2448 diversa
1214 2384 1356 2448 exhibet.

289 2477 356 2539 Iam
377 2475 520 2539 collectis
542 2473 689 2538 ornnibus
710 2475 766 2550 iis,
787 2497 868 2560 qrrae
889 2477 1055 2540 admodum
1077 2479 1209 2540 obscure
1225 2479 1263 2540 dc
1279 2477 1340 2540 suis
1357 2475 1523 2541 codicibus

210 2566 579 2649 tradideruntquattnor
599 2567 632 2632 bi
653 2567 810 2644 editores,
836 2589 875 2630 eo
897 2569 1054 2643 adducor,
1081 2581 1116 2633 ιιι
1139 2571 1264 2632 credam
1286 2591 1327 2632 ex
1348 2571 1412 2633 uno'
1433 2571 1522 2631 dum·

209 2673 297 2724 taxat
318 2660 428 2723 codice
448 2659 504 2724 illo
527 2659 710 2734 Gallicano,
738 2683 830 2742 quem
850 2659 1040 2724 Mocenicus
1061 2681 1131 2724 cum
1153 2661 1240 2727 Aldo
1262 2659 1523 2736 communicavit,
1583 2688 1585 2706 ι

209 2747 269 2816 trra
291 2751 346 2816 illa
365 2754 551 2838 apographa
575 2755 667 2816 ducta
691 2755 769 2829 else,
796 2773 876 2835 qnae
900 2754 940 2816 ad
962 2751 1174 2829 Beroaldum,
1202 2753 1397 2830 Aeantium,
1424 2751 1521 2817 Cata·

79 2883 86 2894 ι
209 2867 319 2910 naeum
341 2859 566 2924 pervenerunt

281 2936 381 3043 Qnid'
403 2949 503 3000 antem
536 2935 639 3000 Aldus
670 2935 721 3000 vel
755 2934 935 3020 quicunqne
963 2934 1132 3000 editionem
1152 2935 1234 3002 anni
1262 2938 1315 3002 M.
1344 2937 1389 3000 D.
1419 2935 1519 3001 VIII.

209 3027 334 3093 curavit
357 3029 389 3092 in
410 3031 507 3092 XLI.
530 3027 669 3112 epistolis
689 3028 782 3092 novis
802 3029 861 3090 sibi
882 3027 1072 3110 permiserit,
1099 3029 1164 3093 [ine
1185 3027 1305 3093 codicis
1326 3019 1521 3110 inspectIono

209 3119 383 3184 diiudicare
404 3142 466 3184 non
489 3119 581 3196 licet3
609 3120 688 3184 illud
708 3142 769 3201 pro
790 3135 879 3185 certo
900 3122 1055 3186 affirmare
1077 3125 1217 3203 possum,
1242 3121 1275 3185 in
1296 3120 1435 3200 epistolis
1456 3123 1520 3186 Be-

208 3209 361 3276 roaldinis
383 3213 548 3302 plerasque
574 3213 835 3296 interpolationes
862 3219 952 3295 saepe
980 3213 1145 3279 Latinitati
1174 3213 1233 3295 ipsi
1259 3217 1456 3278 adversantes
1482 3235 1521 3276 nc

207 3289 351 3388 pessimas
377 3305 608 3384 corruptelas
599 3328 630 3369 ιιι
656 3305 770 3368 Aldina
795 3302 922 3371 ἐκδόσει
941 3305 1077 3388 primum
1099 3327 1302 3386 comparem
1332 3308 1412 3370 unde
1432 3320 1519 3370 recte

208 3397 374 3486 colligitur
398 3395 526 3478 abipso
548 3397 639 3461 etiam
661 3397 748 3461 Aldo
770 3399 922 3461 Beroaldi
944 3421 1050 3461 curam
1070 3399 1241 3484 consultam
1262 3420 1325 3461 non
1347 3401 1427 3474 esse,
1448 3421 1519 3460 oum

106 3551 111 3562 ,
208 3479 388 3572 complures
414 3489 566 3553 lectiones
593 3491 773 3570 praeclaras
799 3493 839 3552 ab
859 3511 898 3554 eo
920 3490 1002 3553 vel
993 3513 1025 3554 ιιι
1046 3489 1165 3574 codice
1166 3503 1320 3574 repertas
1341 3490 1392 3554 vel
1409 3488 1519 3556 conic-

208 3593 297 3647 ctura
318 3579 475 3645 restitutas
496 3587 624 3662 prorsus
645 3581 816 3667 ignorarit.

286 3677 436 3738 Nostrum
460 3673 630 3738 officium
621 3696 709 3737 rnen
730 3675 864 3756 positum
886 3672 1133 3748 arbitrabamur,
1154 3673 1239 3736 utin
1260 3675 1356 3739 xlm
1380 3635 1518 3756 epistolis
1633 3729 1638 3740 .

207 3769 247 3828 ab
269 3767 356 3829 Aldo
377 3765 512 3845 primum
534 3765 737 3828 editislmius
761 3767 938 3850 exemplar,
969 3765 1000 3832 in
1024 3766 1156 3847 reliquis
1177 3767 1400 3830 Beroaldinum
1420 3769 1518 3849 potis·

206 3858 314 3924 slmum
342 3857 560 3942 sequeremur,
586 3879 644 3924 nec
671 3859 773 3921 tamen
800 3880 897 3924 cucco
927 3858 1096 3942 quodam
1087 3873 1203 3938 impetu
1224 3859 1348 3940 abrepti
1360 3859 1517 3935 ruellora,

206 3939 306 4013 sicubi
331 3949 566 4025 invenirentur,
593 3945 842 4030 repudiaremus.
886 3943 986 4030 Quem'
1013 3953 1052 4013 ad
1078 3951 1172 4022 finem
1197 3951 1385 4036 scripturum
1410 3953 1517 4018 verbis

207 4040 361 4124 integram
382 4041 571 4106 subiecimus
592 4043 775 4106 varietatem
796 4045 905 4106 harum
927 4040 1101 4108 ἓκδόσιωνι

286 4129 329 4196 Β.
369 4133 722 4200 BEROALDINAE.

286 4226 331 4290 Τ.
372 4225 505 4292 AVAN
509 4225 687 4294 'PIANAE
709 4227 804 4310 apud
812 4226 861 4293 Io.
884 4229 923 4296 de
944 4213 1094 4303 Tridino.
