3440 4992
377 503 471 550 xxlv.
507 503 535 550 C.
558 501 690 550 PLINIUS
713 502 866 550 TRAIANO
888 503 1110 553 IMPERATORI.

308 589 383 648 Cum
395 591 482 647 divus
495 583 580 666 pater
589 603 674 656 tuus,
688 591 830 657 Domine,
848 602 877 647 et
889 594 1025 648 oratione
1035 593 1236 668 pulcherrima
1278 635 1280 640 -

256 695 286 740 et
309 683 511 741 honestissimo
541 685 677 760 exemplo
704 703 808 740 omnes
835 688 917 742 cives
940 685 978 742 ad
1004 685 1239 744 munificentiam

256 777 331 834 esset
346 779 536 845 cohortatus,
555 779 629 853 petii
647 777 684 834 ab
703 796 754 846 eo,
773 789 807 834 ut
822 777 934 835 statuas
951 780 1140 856 principum,
1165 801 1238 858 quas

227 872 288 928 tin
305 871 479 948 longinquis
498 873 579 947 agris
597 891 652 948 per
670 873 772 948 plures
789 871 992 929 successiones
1011 873 1137 938 traditas
1155 877 1238 942 mibi,

257 965 360 1042 quales
371 984 564 1040 acceperam,
578 965 794 1032 custodiebam,
807 968 994 1048 permitteret
1002 968 1034 1024 in
1044 969 1241 1044 municipium
1268 1025 1275 1044 ,

256 1059 421 1115 transferre
437 1059 551 1116 adiecta
566 1059 617 1116 sua
628 1060 732 1119 statua.
771 1059 917 1136 Quodque
936 1060 984 1116 ille
999 1061 1072 1116 mihi
1091 1080 1159 1118 cum
1175 1062 1240 1136 ple-

257 1151 374 1208 nissimo
399 1152 567 1210 testimonio
598 1154 778 1221 indulserat,
811 1173 867 1230 ego
897 1153 995 1210 statim
1027 1153 1240 1212 decurionibus

256 1245 445 1358 scripseram,
463 1259 496 1303 ut
507 1247 693 1324 assignarent
701 1226 841 1315 solum,
833 1267 865 1304 ιιι
881 1265 940 1324 quo
954 1247 1098 1323 templum
1113 1251 1240 1324 pecunia

214 1350 244 1397 to
259 1361 322 1401 mea
335 1317 537 1398 exstruerem:
556 1295 648 1398 illim
670 1342 815 1398 honorem
836 1343 936 1417 operis
952 1341 1044 1416 ipsius
1065 1341 1241 1399 electionem

255 1437 315 1494 loci
332 1436 405 1492 mihi
418 1433 597 1491 obtulerant.
636 1434 695 1492 Sed
712 1437 843 1510 primum
860 1453 943 1501 mea,
963 1435 1070 1492 deinde
1086 1438 1182 1512 patris
1196 1439 1240 1494 tui
1308 1425 1447 1474 ⁰l1⁰¹⁶¹¹¹¹¹¹

257 1529 446 1597 valetudine,
464 1527 566 1604 postea
587 1529 669 1584 curis
688 1527 815 1604 delegati
834 1548 851 1584 a
871 1525 958 1587 vobis
979 1526 1071 1586 officii
1087 1541 1239 1598 retentus,

257 1642 337 1680 nunc
355 1622 460 1680 videor
481 1621 712 1680 commodissime
735 1621 848 1697 posse
840 1641 872 1680 m
893 1640 958 1679 rem
979 1623 1164 1698 praesentem
1186 1642 1241 1680 ex-

257 1736 390 1777 currere.
427 1715 505 1772 Nam
513 1727 543 1772 et
554 1715 737 1774 menstruum
748 1735 847 1774 meum
857 1715 999 1773 Kalendis
1013 1715 1239 1792 Septembribus
1302 1707 1449 1777 Septembm

215 1810 362 1870 ttfinitur
380 1822 410 1868 et
429 1811 554 1888 sequens
577 1783 686 1867 mensis
710 1811 880 1884 complures
906 1811 969 1867 dies
993 1811 1117 1868 feriatos
1140 1811 1236 1888 habet.

257 1907 343 1984 Rogo
356 1924 446 1982 ergo,
461 1916 528 1962 aute
542 1906 641 1962 omnia
656 1906 812 1981 permittas
827 1906 899 1962 mihi
915 1923 1007 1980 opus,
1022 1904 1102 1981 quod
1115 1905 1240 1962 inchoa-

257 2012 343 2058 turus
358 2000 437 2068 sum,
456 2017 604 2057 exornare
623 2009 653 2054 et
670 2009 721 2054 tua
738 1997 848 2074 statua.
873 1999 995 2066 deinde,
1014 2010 1047 2055 ut
1065 2001 1122 2056 hoc
1140 1999 1239 2056 facere

260 2115 348 2174 quam
372 2093 565 2152 maturissime
591 2091 716 2168 possim,
745 2070 901 2168 indulgeas
928 2103 1135 2150 commeatum.
1170 2093 1240 2149 Non

260 2189 301 2246 est
324 2189 422 2246 autem
443 2185 641 2263 simplicitatis
665 2204 747 2242 meae
770 2185 949 2244 dissimulare
973 2187 1052 2261 apud
1077 2185 1241 2244 bonitatem

119 639 126 678 l

153 2283 162 2318 l
213 2289 247 2336 20
260 2295 342 2340 tuam
362 2280 459 2338 obiter
478 2292 507 2338 te
525 2281 687 2356 plurimum
704 2280 883 2362 collaturum
898 2277 1075 2338 utilitatibus
1092 2282 1138 2337 rei
1155 2282 1243 2337 sami-

254 2377 345 2434 liaris
377 2394 472 2434 meae.
507 2377 661 2450 Agrorum
689 2376 790 2442 enim,
822 2392 897 2450 quos
924 2375 956 2430 in
985 2373 1091 2432 eadem
1117 2377 1241 2452 regione

260 2467 408 2544 possideo,
433 2468 543 2526 locatio
568 2487 637 2526 cum
657 2469 770 2544 alioqui
787 2467 896 2526 CCCC
919 2467 1059 2536 excedat,
1086 2468 1160 2525 adeo
1181 2487 1243 2525 uon

260 2561 357 2641 potest
378 2559 512 2632 differri,
540 2573 573 2620 ut
595 2564 764 2638 proximam
785 2563 972 2637 putationem
994 2581 1092 2618 novus
1118 2561 1243 2618 colonus

261 2654 361 2712 sac'ere
376 2655 492 2716 debeat.
527 2656 690 2714 Praeterea
704 2657 864 2712 continuae
881 2655 1050 2714 sterilitates
1068 2667 1180 2734 cogunt
1195 2673 1243 2712 me

215 2755 249 2822 83
263 2749 297 2806 de
316 2749 539 2807 remisstonibus
555 2751 706 2826 cogitare3
726 2769 851 2826 quarum
868 2751 1017 2806 rationem
1033 2749 1089 2807 uisi
1104 2749 1244 2825 praesens

262 2845 339 2901 inire
362 2863 424 2900 non
448 2841 573 2918 possum.
610 2841 734 2900 Debebo
753 2857 847 2919 ergo,
871 2844 1016 2912 Domine,
1042 2844 1244 2920 indulgentiae

261 2949 330 2994 tuae
345 2949 375 2994 et
392 2939 512 3012 pietatis
528 2955 610 2994 meae
623 2937 805 2994 celeritatem
816 2949 845 2994 et
859 2937 951 2994 status
965 2937 1199 3006 ordinationem,
1218 2939 1245 2994 si

262 3034 336 3088 mihi
356 3030 394 3089 ob
411 3043 538 3108 utraque
556 3031 630 3088 hacc
649 3031 766 3088 dederis
783 3041 985 3088 commeatum
998 3029 1102 3090 XXX.
1118 3030 1242 3088 dierum.

262 3123 365 3200 Neque
384 3125 465 3180 enim
485 3123 637 3201 angustius
654 3135 772 3200 tempus
790 3121 951 3200 praefinire
970 3124 1105 3200 possum,
1131 3143 1200 3180 cum
1216 3136 1246 3180 et

217 3231 250 3278 80
264 3219 461 3293 municipium
478 3229 508 3274 et
526 3220 605 3294 agri,
631 3218 667 3276 de
687 3216 795 3294 quibus
815 3217 939 3294 loquor,
961 3217 1020 3276 sint
1041 3218 1121 3275 ultra
1144 3229 1246 3275 cente-

262 3313 368 3372 simum
385 3322 415 3368 et
433 3311 709 3388 quinquagesimum
724 3311 865 3386 lapidem.

515 3425 595 3474 XXV.
633 3426 807 3477 TRAIANUS
822 3427 949 3474 PLINIo
967 3427 991 3475 3.

281 3514 358 3574 Et
379 3515 513 3591 privatas
533 3515 644 3572 multas
666 3529 694 3571 et
717 3535 820 3572 omues
831 3515 976 3588 publicas
995 3512 1101 3588 causas
1124 3515 1249 3590 petendi

264 3624 450 3666 commeatus
473 3607 655 3682 reddidisti:
679 3609 759 3666 mibi
776 3624 876 3666 autam
893 3608 942 3665 uel
950 3607 1022 3680 sola
1039 3611 1178 3666 voluntas
1195 3623 1248 3664 tua

218 3693 433 3776 assuffecissin.
468 3701 572 3790 Neque
588 3702 670 3761 cuim
690 3700 794 3760 dubtto
818 3717 859 3774 te,
884 3717 915 3758 ut
933 3702 1074 3777 primum
1093 3700 1247 3780 potueris,

332 3931 425 3978 xxtv.
437 3932 477 3978 to.
485 3877 728 3993 bonoremffleerne.
735 3931 944 3990 bosoreRnSFL.
954 3931 991 3980 Ib.
998 3931 1249 3980 obtuleruatSchceser

266 4006 353 4048 contra
366 4001 478 4048 RASFL.
516 4001 556 4048 14.
570 4001 753 4062 Septembribus]
771 4001 896 4048 Sobaeseri
908 4002 973 4048 coni.
986 4003 1123 4060 Septembris
1136 4000 1248 4048 RASFL.

265 4069 308 4116 22.
323 4072 409 4118 locatio
424 4085 476 4118 cum
490 4069 540 4131 ab]
558 4072 607 4118 FL.
625 4072 764 4118 locationem
779 4073 811 4118 ol.
827 4070 898 4116 RAS.
921 4071 963 4118 86.
978 4069 1078 4130 delebo]
1094 4069 1205 4118 Gronov.
1221 4071 1248 4118 1..

266 4139 336 4184 debeo
356 4140 451 4188 RASF.
482 4140 524 4187 27.
548 4139 663 4200 pietatis]
689 4137 1249 4198 Gronov.1..ptentt1tnst.1s.flatus]

267 4206 358 4270 RASL.
364 4207 537 4268 statuorumF
554 4209 634 4259 XXV.
646 4209 687 4256 33.
696 4209 858 4270 priuatoaJv.
872 4207 1101 4280 suppletuminFL.
1116 4223 1158 4257 om
1170 4209 1249 4255 ..RAS

784 4391 1512 4424 mm
